2182 3110
258 190 308 238 raa
538 169 729 236 artuicus.

257 314 313 380 Ago
329 305 470 363 uinctam
486 318 609 374 ornate,
629 294 758 380 lipidice,
776 316 805 362 et
817 310 969 379 palliolum
985 313 1016 362 iu

425 386 526 438 collum
538 385 653 438 coniice.

176 513 179 519 ,
258 463 300 515 lta
316 462 496 526 idsimulato,
513 461 593 530 quisi
606 477 654 528 per
664 463 758 514 urbem
769 460 856 514 totam
868 459 1016 514 homiuem

424 537 601 606 quaesiveris.

258 597 330 682 Age,
342 614 443 681 siquid
455 611 571 680 agisi—
580 611 617 662 Di
629 611 811 676 immortales,
822 605 932 664 utinam
945 629 1013 664 cou-

423 687 530 740 veniam
542 687 618 738 domi

204 776 229 818 15
258 763 453 833 Periphanem,
468 779 517 830 per
532 763 638 814 omnem
653 764 747 815 urbem
759 779 838 831 quem
848 755 909 814 s1'1m
922 762 1013 814 defes-

424 855 471 890 sus
481 837 623 907 quae'rere,

258 917 307 984 ptr
318 915 476 978 medicinas,
487 912 537 981 per
545 915 707 978 tonstrinas,
720 913 747 964 in
757 914 914 983 gymnasio,
927 921 1011 981 atque

423 989 535 1053 inioro,

259 1066 307 1136 pir
317 1066 476 1134 myropolia
487 1064 514 1116 e't
524 1065 649 1116 lanienas
661 1063 816 1131 circumque
827 1061 1011 1131 argentarias.

261 1140 418 1210 Rogitando
439 1156 498 1217 sum
518 1133 618 1192 rat'rcus
638 1139 742 1202 iactus3
771 1137 858 1208 pae'ne
877 1140 907 1190 iu
930 1154 1012 1190 cursu

426 1216 543 1268 concidi.

260 1308 304 1347 ΡΕ.
324 1276 452 1361 E'lpidiccl
480 1306 525 1344 ΕΡ.
541 1283 687 1358 Epidicum
699 1290 761 1356 quis
771 1295 814 1341 est
823 1290 872 1357 qui
881 1287 1010 1342 revocati
1074 1309 1075 1332 2

425 1381 471 1419 ΡΕ.
491 1366 551 1434 Ego
562 1381 630 1430 sum,
643 1363 820 1431 Periphanes.

207 1453 233 1498 2⁰
261 1459 307 1498 ur.
328 1427 364 1496 Fit
380 1459 431 1512 ego
447 1439 600 1516 Apoecides
612 1456 681 1492 sum.
719 1454 766 1492 ΕΡ.
785 1439 822 1490 Et
835 1453 887 1508 ego
901 1440 1012 1506 quidem
1074 1455 1075 1507 ;

381 1567 383 1570 .
429 1534 488 1568 sum
499 1517 642 1584 Epidicus.
683 1515 745 1579 Sed,
757 1513 829 1579 here,
842 1513 957 1582 optuma

263 1594 402 1647 visvideo
414 1587 853 1660 opportunitateamboadvenire.
877 1605 923 1643 ΡΕ.
942 1591 1013 1652 Qud

381 1669 384 1674 '
429 1667 470 1718 rei
480 1666 537 1719 est‘i
975 1681 977 1688 ’

264 1758 310 1797 ΕΡ.
330 1741 522 1808 Manc',manei
538 1743 597 1794 sine
606 1741 736 1808 respirem
749 1738 864 1808 quaeso!
893 1755 939 1792 ΡΕ.
955 1741 1018 1793 lmo.

429 1818 585 1888 adquiesco.
622 1831 669 1870 ΕΡ.
688 1815 786 1868 Animo
799 1816 869 1867 male
880 1823 936 1868 est:

164 1903 167 1910 '
264 1894 395 1963 recipiam
416 1887 576 1945 arrhelitrim.
618 1905 665 1945 Ar.
691 1891 843 1944 Clementer
861 1890 1012 1959 roquiescc.

429 1983 475 2021 ΕΡ.
495 1969 620 2019 Animum
633 1965 781 2020 advortite!

264 2027 290 2096 Ᾰ
313 2046 422 2113 legione
443 2042 538 2096 omncs
557 2043 667 2094 remissi
685 2035 749 2094 silut
769 2041 880 2093 domum
901 2039 1011 2093 Thebis.

428 2133 475 2172 ΑΡ.
497 2116 631 2180 Quishoc

210 2205 236 2250 25
265 2195 317 2248 scit
331 2195 451 2248 factumi
485 2207 530 2246 ΕΡ.
550 2193 611 2262 Ego
622 2193 663 2244 ita
673 2190 733 2244 esse
744 2191 846 2244 iactum
859 2189 932 2243 dico.
968 2207 1010 2244 ΡΕ.

431 2262 643 2322 Scin'tuistirci
680 2281 725 2322 ΕΡ.
747 2267 821 2320 Scio.

264 2362 310 2401 ΡΕ.
331 2345 387 2408 Qui
404 2352 436 2400 tu
454 2343 525 2397 scisi
562 2358 608 2398 ΕΡ.
630 2343 703 2406 Quia
718 2358 769 2411 ego
785 2343 824 2394 ire
839 2342 899 2394 vidi
913 2342 1010 2394 mssitcs

430 2420 518 2487 plenis
527 2421 590 2472 viis.

265 2480 352 2550 Arma
374 2496 496 2548 referunt
515 2492 543 2546 e't
561 2496 683 2546 iumenta
704 2487 815 2546 dirumt.
854 2507 900 2545 ΡΕ.
925 2493 1010 2544 Nimis

431 2564 625 2620 iactirmbene!
857 2569 862 2576 '

266 2661 311 2699 ΕΡ.
327 2640 398 2696 Timr
410 2637 582 2710 captivorum
593 2643 659 2710 quid
670 2644 773 2696 ducunt
783 2640 888 2694 sicum!
905 2657 1006 2710 pueros

431 2717 560 2784 virgines,
