2196 3114
277 227 402 274 Acriis
421 225 464 274 ill.
500 227 622 274 SGENA
641 227 684 272 lll.
802 221 852 275 1⁴9

108 351 161 406 Sed
172 352 225 422 qui
238 353 393 420 perspicere
408 350 519 418 pdssent
535 349 598 419 [cor
608 349 773 416 sapientiae:

105 422 191 497 igitir
210 429 365 496 perspicere
384 433 415 477 ut
434 426 554 496 possint]
577 426 669 484 cordis
690 424 810 501 copiam3

108 504 155 555 ubi
164 502 194 554 id
204 503 399 569 inspexissent,
415 501 569 569 cogitarent
582 501 687 568 postea,
892 509 903 553 t

105 581 190 630 vitam
200 572 232 630 rit
241 573 374 630 vixissent
385 575 450 628 dlim
464 578 494 628 in
505 575 700 628 adulescentia.

104 652 157 706 Vel
168 652 248 722 quisi
262 658 381 722 egomet,
398 651 511 719 quifssii
525 667 609 703 causa
620 651 762 720 coeperam

106 745 157 798 ego
174 727 236 782 me'd
258 729 416 781 excruciare
437 725 534 792 inimi,
556 728 637 796 quasi
651 727 717 796 quid
736 727 812 779 iilius

105 821 183 858 meus
192 802 354 874 deliquisset
363 801 405 854 me
414 801 489 870 erga,
496 804 630 870 autquasi
638 819 693 854 non
703 797 858 870 pldrimum.

106 879 252 932 maleficta
265 896 327 932 mea
337 884 428 932 essent
442 877 534 930 sdlida
547 879 577 929 in
588 876 783 930 adulescentia.
880 886 905 930 10

12 991 16 999 .
106 953 237 1008 Proiecto
248 953 397 1007 deliramus
407 947 544 1006 interddm
555 969 641 1005 senes.

106 1031 172 1083 Fuit
183 1030 356 1082 cdnducibile
370 1028 424 1081 hoc
438 1027 499 1081 med
509 1029 619 1097 quidem
630 1027 774 1080 sentc'utia.

107 1106 162 1159 Sed
173 1105 249 1158 mdus
259 1105 366 1158 sodalis
376 1105 398 1156 it
409 1121 469 1156 cum
480 1105 584 1173 praeda
594 1102 755 1173 Apoecides.

106 1180 207 1234 Venire
218 1182 323 1234 salvom
335 1179 514 1232 mercatorem
529 1174 648 1248 geddeo.

109 1257 182 1319 Quid
197 1255 245 1308 liti
274 1271 321 1310 nr.
341 1257 379 1307 Di
395 1255 516 1323 deaeque
526 1261 553 1306 te
568 1254 708 1306 ddiuvant.
807 1270 851 1306 ru.
900 1307 902 1312 ,

276 1331 361 1384 Omen
372 1332 471 1400 placet.
883 1338 907 1380 ts

108 1421 154 1460 Ar.
176 1408 243 1476 quoi
256 1405 361 1458 hdmini
372 1423 466 1459 omnes
477 1400 624 1473 nippetum
638 1421 682 1457 res
696 1404 852 1473 prosperae.

109 1481 163 1534 Sed
175 1477 206 1534 tri
216 1481 287 1534 hanc
296 1483 370 1534 intro
381 1476 478 1534 libeas
490 1481 598 1532 abduci.
622 1495 667 1532 ru.
679 1473 765 1542 lieris,
776 1479 853 1531 foras

7 1623 8 1626 Ἴ
109 1565 180 1610 exite
191 1556 245 1609 huc
254 1556 369 1624 aliquisl
378 1585 417 1596 -
435 1551 513 1608 Dice
522 1557 603 1607 istam
615 1556 688 1607 intro
699 1549 852 1608 mulierem!

107 1634 197 1700 Atque
208 1627 315 1684 addin¹i
345 1647 386 1685 su.
409 1632 482 1694 Quid
492 1629 550 1683 visi
573 1645 618 1682 ru.
636 1629 707 1683 (live
718 1631 781 1682 siris
793 1647 853 1682 cum

273 1708 335 1758 iilia

109 1799 171 1835 mea
182 1782 307 1850 cdpulari
317 1782 396 1847 hanc,
406 1780 494 1852 mique
506 1780 676 1848 conspicercl
695 1780 752 1833 lim
762 1781 854 1834 teresi
882 1790 908 1834 2⁰

108 1859 140 1909 ln
152 1858 304 1910 aediculam
318 1859 408 1909 istanc
422 1856 543 1909 seorsum
558 1857 687 1909 concludi
699 1857 778 1909 volo:

110 1933 252 1984 divortunt
262 1949 352 1984 mores
366 1933 467 2000 virgini
479 1932 561 2000 longe
572 1929 605 1982 dc
615 1932 705 1999 lupae.

108 2023 156 2062 Ar.
178 2008 267 2061 Docte
278 2007 305 2060 et
315 2009 453 2076 sapienter
464 2007 547 2059 dicis:
566 2023 623 2058 non
633 2006 714 2058 nimis
725 2011 816 2076 potest

108 2083 271 2152 pudicitiam
283 2085 429 2154 quisquam
442 2077 508 2135 siae
519 2098 628 2134 servare
638 2081 725 2134 filiae.

108 2159 216 2228 Edepdl
225 2175 277 2211 nae
287 2157 507 2227 istancte'mpori
516 2157 600 2226 gnato
611 2165 660 2210 tuo
883 2166 909 2209 25

108 2251 203 2286 sumus
217 2233 409 2303 pree'mercati.
442 2249 489 2287 Pu.
511 2233 583 2295 Quid
603 2231 676 2285 iami
713 2245 760 2285 Ar.
782 2232 860 2294 Quia¹

164 2335 170 2348 ·
275 2309 345 2362 dixit
358 2308 427 2362 mihi

107 2379 269 2438 iamdddum
289 2403 318 2437 se
339 2386 411 2436 alius
430 2377 508 2436 tdum
527 2385 630 2436 vidisse
650 2382 696 2436 hic
715 2383 814 2436 lilium.

107 2475 153 2514 rn.
174 2461 255 2514 lianc
266 2461 432 2529 edepolrem
444 2460 606 2530 apparibat.
635 2473 681 2512 Ar.
698 2457 853 2512 Planeher·

274 2537 314 2588 clc
325 2535 378 2588 hdc
388 2536 498 2603 quidem
510 2542 560 2587 cst.

106 2605 203 2666 Nacti
211 2609 409 2664 habesservom
419 2609 579 2679 griphicum
586 2617 613 2662 et
622 2611 760 2678 quantivis
770 2607 853 2678 pretii

106 2702 154 2742 ru.
164 2687 228 2740 Non
238 2687 331 2740 cirust
342 2703 410 2739 auro
422 2684 529 2738 cdntral
548 2699 596 2738 Ar.
607 2687 643 2738 Ut
653 2687 701 2738 illc
711 2686 853 2739 fidicinam
884 2694 908 2738 30

107 2761 174 2819 fecit
184 2763 290 2820 nescire
301 2762 423 2838 prdrsus,
441 2778 470 2814 se
481 2778 540 2814 esse
551 2759 649 2814 emtim
661 2762 726 2817 tibi:
