2156 3108
295 238 459 290 nodosi
494 242 620 290 SCENA
636 245 667 290 ii.
803 245 852 294 179

102 367 183 418 'i'ace
195 365 279 435 etque
293 381 421 434 sequere,
436 361 529 432 Lyde,
546 366 600 418 mei
636 379 688 420 ΒΥ.
707 366 789 433 lilue,
805 369 852 434 oio,

273 441 350 492 vide:

101 533 163 568 non
179 515 372 584 paedagogum
386 513 442 566 iem
453 533 508 580 me,
524 517 572 568 sed
582 511 706 585 Lyden,
720 509 815 570 vocet!
882 527 908 570 3⁰

102 606 141 642 1²1.
164 591 230 644 Non
244 590 413 658 pervidetur
425 589 513 659 neque
526 592 564 643 sit
575 592 795 657 eonsenteneum

103 681 192 734 quom
203 663 287 716 herus
296 663 342 716 hic
350 666 425 716 intuo
435 664 488 717 niet
497 672 526 717 et
535 682 596 717 cum
607 667 697 718 emico
708 667 833 732 edcubet,

104 755 248 810 quomque
268 740 418 803 escuiemr,
439 739 467 790 et
481 741 612 794 convivae
632 741 683 792 eiii
703 741 847 807 edcubent,

105 815 253 882 praesente
267 813 444 882 paedageguo
453 814 511 866 iilis
520 831 576 866 une
587 809 617 868 et
625 817 686 868 ciet.

102 903 157 942 ΒΥ.
177 891 221 940 An
231 888 284 941 hec
297 889 334 940 ed
344 904 391 940 eas
407 904 450 940 res
461 888 625 942 ebsonatum
640 896 694 955 eet,
710 891 842 944 ebsecro?
881 899 907 944 35

103 979 144 1017 ΡΙ.
166 963 267 1033 Speret
281 964 391 1031 quidem
411 964 531 1029 antimum
556 980 609 1032 quo
625 963 745 1031 eveniat,
766 966 810 1018 dio
823 966 852 1018 in
942 961 945 968 ⁴

273 1055 357 1090 manu
371 1046 421 1090 est.

103 1127 157 1168 Π.
173 1115 219 1165 Tu
229 1113 344 1164 amicam
355 1111 485 1165 habebisi
513 1129 550 1166 1²1.
567 1114 655 1176 Quem
666 1115 782 1182 videbis,
792 1109 851 1168 nim

274 1204 353 1240 ecles.

103 1279 157 1319 ΒΥ.
176 1264 235 1316 inni
246 1279 333 1331 neque
346 1263 473 1328 hebebis,
488 1261 539 1316 nec
549 1265 646 1316 ninam.
684 1263 777 1318 ltcuuo
790 1259 851 1318 otim

275 1339 394 1390 domum

105 1431 146 1468 ΡΙ.
172 1414 287 1478 Omitte,
308 1412 400 1481 Lyde,
422 1429 455 1464 ac
474 1413 539 1466 ceve
559 1413 645 1467 maio!
689 1429 739 1468 Η.
761 1415 851 1480 Quidi

275 1487 340 1541 cece
359 1488 450 1540 maloi

105 1580 143 1617 1³1.
163 1565 222 1616 lem
234 1562 351 1616 excessit
365 1564 403 1614 mi
416 1570 491 1616 actes
505 1562 539 1616 ex
555 1565 713 1633 inegioterid
722 1573 783 1619 tuo.
877 1571 904 1618 io

106 1653 157 1692 ιγ.
179 1637 392 1702 Oberetinum,
413 1640 462 1690 ubi
480 1639 524 1690 esi
552 1634 585 1692 tit
604 1655 655 1708 ego
674 1647 702 1694 te
720 1639 849 1710 usurpem

274 1711 383 1766 lubens!

107 1787 197 1841 Vided
209 1789 294 1840 nimio
307 1790 363 1840 iem
376 1781 461 1840 miiito
477 1789 550 1855 pluo,
568 1805 649 1857 quam
658 1790 811 1845 veluerom:

108 1863 212 1916 vixisse
224 1865 311 1916 nimio
332 1861 431 1914 sitiunt
444 1865 512 1926 iem,
535 1881 616 1931 quem
636 1865 739 1918 viverei

107 1938 271 2006 Magistron'
286 1953 448 2007 quemquam
463 1939 627 2004 discipulum
642 1940 810 1994 miniterieri

108 2013 187 2067 Nihil
205 2013 312 2078 meror,
339 2013 490 2080 discipulos
510 2012 579 2064 mihi
597 2019 657 2066 esee
676 2021 733 2068 tom
752 2017 849 2084 plenos

274 2087 428 2156 senguiuis:
876 2096 901 2142 ii

108 2161 202 2216 volens
217 2161 331 2215 afflictet
344 2159 386 2213 me
404 2163 529 2214 vacivom
542 2162 650 2217 virium.

108 2254 146 2292 1³1.
154 2239 243 2302 Fiam,
249 2232 281 2290 dt
289 2253 339 2306 ego
351 2237 458 2304 opinor,
466 2237 646 2304 Herculee‚tu
654 2237 744 2292 eutem
750 2239 847 2292 Linus.

107 2321 157 2367 LY.
168 2313 221 2365 Pol
230 2311 322 2364 metuo
331 2313 427 2379 magis,
434 2329 467 2364 ne
476 2311 600 2365 Phoenix
608 2315 664 2366 tuis
673 2313 753 2366 factis
763 2315 847 2380 inam,

109 2395 189 2457 teque
200 2387 235 2438 ed
246 2394 350 2454 patrem
361 2403 419 2440 esse
430 2387 566 2440 memuom
576 2383 737 2441 remintiem.

108 2477 146 2515 η
158 2463 231 2514 Satis
241 2461 416 2514 historiarum
426 2461 479 2514 est!
497 2475 547 2516 ιγ.
559 2463 613 2515 iiic
621 2465 710 2516 vereri
718 2462 847 2532 perdidit.
877 2475 902 2517 5⁰

111 2536 306 2604 compendium
316 2535 415 2604 edepol
429 2530 503 2589 hacid
517 2537 603 2590 aetati
617 2539 739 2606 optebiie

110 2611 211 2677 iecisti,
226 2627 307 2679 quom
321 2612 411 2664 istene
424 2611 542 2684 nectuo’p
556 2612 762 2680 impudentiam.
771 2642 811 2656 -

112 2687 222 2740 Occisus
237 2685 282 2738 hie
291 2685 373 2739 homo
389 2694 439 2740 est.
449 2713 488 2728 -·
509 2687 617 2758 Ecquid
631 2689 661 2739 in
675 2695 791 2740 mentem
807 2687 849 2742 est

269 2762 330 2831 tibi,

647 2856 698 2900 itit
