2160 3112
373 699 711 775 PRAEFATIO.

454 873 623 894 m

203 966 395 1053 primarium
416 1015 543 1074 quoque,
569 995 662 1074 quoad
682 1007 797 1067 extent,
818 995 936 1056 Latino·

132 1099 206 1138 rum
225 1089 375 1156 poetarum
396 1081 591 1150 scenicorum,
615 1099 736 1157 eumque
752 1083 935 1156 praecipuum

135 1167 237 1221 omnis
252 1161 418 1218 Latinitatis
432 1163 550 1232 sontem,
572 1183 659 1239 quum
672 1166 833 1221 instaurare
847 1167 877 1220 in
891 1173 935 1222 ta-

136 1247 218 1304 bulis
237 1246 423 1322 etereotypir‚
445 1245 638 1324 abrogataque
657 1247 819 1324 antiquiore
837 1256 935 1306 textur

138 1332 329 1398 recensione,
350 1331 498 1386 meliorem
516 1329 690 1386 substituere
710 1327 829 1387 Carolue
851 1328 935 1388 Chri-

140 1416 255 1472 stianus
276 1409 465 1469 Tnuobnitiur
483 1411 672 1484 decrevisset,
694 1431 752 1471 non
769 1413 819 1471 ebe
837 1433 869 1470 re
887 1417 933 1472 rei

141 1499 284 1554 lectorum
302 1497 349 1552 rel
366 1505 467 1570 poetae
483 1495 546 1552 iore
565 1498 809 1569 existimavimus,
832 1500 856 1554 oi
872 1517 932 1555 earu

143 1582 270 1637 maxime
287 1598 479 1656 sequeremur,
498 1598 583 1656 quarn
596 1588 663 1636 ante
676 1581 785 1657 aliquot
799 1599 889 1640 aunon
903 1585 932 1639 iu

144 1665 248 1720 maiori
261 1662 385 1719 editione
399 1664 537 1719 inlunem
551 1665 709 1734 emisimus,
724 1673 753 1720 et
765 1666 794 1720 iu
810 1683 865 1740 qua
879 1664 934 1722 hoo

144 1737 338 1820 maximopere
359 1747 568 1820 ιριοιιιιίιιιιιι,
596 1757 627 1802 ιιι
649 1757 759 1804 textum
783 1747 934 1805 exhibere-

143 1851 221 1901 mus,
248 1829 283 1886 ed
308 1831 459 1906 vulgatum
480 1847 564 1905 quern
585 1832 717 1905 proxime
739 1830 933 1903 accedentem,

86 1905 89 1912 ¹
142 1913 193 1970 red
211 1915 258 1971 ita*
270 1924 365 1970 tamen
382 1911 559 1980 ordinatum,
577 1923 611 1968 ut
623 1911 784 1990 rhythmice
798 1923 827 1970 et
839 1924 871 1970 ut
885 1915 932 1972 de-

144 2007 222 2054 ceret
244 1999 274 2053 in
295 1997 388 2053 veteri
409 2005 510 2071 poeta,
535 1999 648 2071 poetice
671 1998 729 2075 legi
750 2005 853 2072 ponet.
893 1996 933 2054 Et

145 2083 277 2157 quoniam
290 2078 338 2136 hie
351 2079 477 2150 uberior,
494 2091 526 2135 ut
538 2081 611 2150 illio,
633 2081 853 2138 commentarius
865 2081 933 2138 addi

145 2182 201 2219 non
213 2173 336 2240 poterat,
345 2164 497 2220 lectionem
510 2165 540 2218 in
555 2163 628 2220 haud
642 2166 740 2238 paucio
755 2165 826 2220 looie
839 2167 931 2242 magio

143 2248 275 2304 etiamad
288 2249 434 2323 vulgatum
447 2245 627 2316 adduximus,
637 2267 791 2323 eorumque
806 2251 930 2304 onmium

144 2331 280 2388 indieium
294 2330 415 2386 fecimus
428 2331 461 2386 in
472 2331 579 2388 notulir
594 2333 714 2401 tritinia,
724 2349 796 2408 quae
810 2333 840 2388 in
855 2335 932 2413 caleo

144 2416 280 2491 cuiusque
301 2414 454 2470 volumini·
472 2414 600 2473 adieetee
616 2433 633 2470 a
650 2415 731 2472 nobie
745 2424 820 2474 eunt.
844 2413 932 2474 Pru-

144 2500 256 2572 oipuunr
279 2515 348 2555 vero
370 2497 496 2554 etudium
523 2499 552 2552 Ιιι
580 2498 750 2576 corrigendo
775 2501 931 2572 poeniuntur,

143 2599 198 2656 quo
220 2581 376 2638 editionem
393 2578 488 2636 Plauti
505 2599 589 2656 quum
609 2582 932 2646 eorrectieeiurerbeffi·

145 2683 280 2722 ceremur.
318 2663 416 2722 Series
439 2663 599 2721 fabularum
621 2665 933 2740 alphabetieaunoorn-

144 2757 207 2806 tute
220 2757 275 2820 eet,
284 2747 339 2826 quo
356 2746 471 2804 ieeiline
486 2748 711 2823 erolrirroeeiet.
722 2743 862 2803 *Daorbtu
870 2747 933 2801 loeo
