2196 3114
351 342 691 394 sullimannum.

412 473 614 488 -s—-u—

176 555 333 613 Periphanes,
343 570 414 600 senex
424 557 578 608 Atheniensis,
590 558 699 611 quondam
712 557 800 602 Thetis
810 555 919 600 habuerat

120 630 215 674 amicans
231 628 380 685 l’lsilippansx
392 643 423 671 en
438 642 481 682 qua
496 633 550 672 nata
565 631 586 672 ei
602 634 652 673 erat
665 629 751 686 puella.
780 629 836 672 Eius
851 628 919 680 fliius,

120 701 301 760 Stratippocles,
312 700 373 744 bollo
384 716 433 744 cuns
445 701 565 745 Thebanis
576 707 636 753 orto,
654 718 703 746 cuns
713 701 802 756 legione
813 717 839 746 eo
851 703 919 764 profi-

120 779 223 821 ciscitur.
252 776 377 830 Antequam
388 775 594 826 tamenaoalsirot,
609 775 919 848 mundavergtacrvoEpisli-
993 793 999 798 ·

121 866 162 902 co,
173 851 205 893 uti
215 847 316 906 puellam
327 849 438 902 quandam
447 849 563 891 fidicinam
574 849 664 900 cineret,
675 862 740 905 quam
752 848 848 891 Athenis
858 859 920 890 asna·

120 925 190 974 verit,
205 923 273 978 islque
288 921 329 964 ille
343 907 379 964 ita
390 922 510 972 affecerat,
525 927 550 966 ut
563 923 614 966 seni
628 921 752 976 Periphani
763 922 919 977 persuaderet,

121 1009 171 1040 csse
181 995 253 1039 filiam
263 1003 333 1044 suain¹
345 1006 410 1050 quam
421 995 448 1036 ab
460 994 563 1037 hostibus
573 998 662 1048 captans
673 995 779 1038 erudierit.

179 1065 348 1124 Stratippocles
356 1068 447 1110 interim
458 1065 541 1110 ebello
548 1068 621 1110 redux
629 1066 696 1110 aliasn
703 1065 919 1124 puellamcaptivasn

121 1157 152 1185 ox
166 1141 253 1198 praesia
266 1145 349 1184 emtam
361 1139 466 1189 hodout,
479 1153 569 1194 unaque
584 1141 707 1191 lanistam,
721 1154 735 1182 a
749 1154 792 1195 quo
803 1147 918 1194 argentum

121 1218 221 1258 mutuum
231 1218 370 1270 sumpserat,
383 1215 485 1268 petitque
496 1215 523 1256 ab
535 1213 642 1269 Epidico,
659 1219 683 1256 ut
693 1213 735 1256 hoc
744 1227 831 1268 qnoque
841 1228 920 1268 argan-

121 1293 168 1331 tum
182 1288 226 1330 sibi
240 1291 342 1342 quaerat.
371 1285 432 1338 Ergo
445 1286 556 1341 Epidicus
570 1285 669 1330 fabulam
684 1288 759 1339 tingit,
777 1289 841 1343 quasi
856 1285 920 1330 Stra-

122 1357 237 1416 tippocles
245 1357 317 1402 vellet
325 1359 440 1402 fidicinam
450 1358 548 1414 aliquam
558 1358 668 1410 liiscrare3
679 1359 738 1413 quoii
749 1374 777 1402 ne
785 1361 920 1416 ueriposnt.
960 1347 965 1358 ⁶

123 1433 204 1476 suadet
218 1433 279 1482 seni,
294 1435 319 1474 ut
328 1433 379 1490 ipsa
390 1444 439 1474 eam
450 1435 511 1475 emat
521 1436 544 1475 at
554 1433 614 1488 apud
625 1447 649 1474 se
660 1433 781 1474 custodiat.
809 1432 921 1488 Accepto-

123 1521 166 1561 quc
175 1505 200 1549 in
209 1519 258 1550 casu
267 1519 315 1548 rcsn
325 1509 431 1558 argento,
442 1507 519 1548 statim
529 1503 587 1547 illusi
597 1503 748 1560 Stratippocli
761 1505 812 1556 slat3
828 1519 869 1560 pro
880 1503 921 1547 illa

124 1584 199 1624 autern
214 1579 307 1622 fidicina
317 1578 450 1620 conductam
459 1577 558 1634 aliquam
569 1577 637 1620 sliam
647 1578 761 1620 fisliclnasn
771 1578 801 1620 ad
810 1577 921 1632 Peripha-

123 1667 174 1696 nesn
185 1653 288 1706 adducito
411 1647 416 1656 “

104 1766 107 1772 .
178 1725 264 1770 Verum
275 1728 368 1778 utraque
378 1724 442 1766 fratis
450 1725 514 1766 breui
523 1725 632 1779 aperitur.
651 1724 750 1768 Priorum
762 1725 820 1767 euim
831 1725 922 1766 advenit

124 1797 247 1854 Philippa,
261 1795 375 1851 liliumque
387 1796 450 1840 illam
465 1809 527 1839 suam
537 1811 582 1839 non
591 1799 702 1850 agnoscit.
732 1797 821 1840 Doinsle
833 1798 921 1840 accedit

125 1868 201 1920 miles,
221 1869 258 1924 qui
272 1869 386 1912 iislicinam
401 1867 477 1920 illam,
496 1869 538 1912 sibi
554 1883 640 1924 quoque
655 1881 764 1918 amatum,
783 1870 894 1913 redimere
908 1883 922 1912 a

126 1941 256 1998 Periphane
269 1943 340 1997 cupit.
370 1943 418 1991 Qua
432 1943 525 1992 educta,
540 1945 639 1997 apparet
649 1941 721 1985 slaouo
731 1941 883 1998 Periphanem
894 1944 921 1984 ais

126 2014 223 2070 Epidico
234 2013 338 2058 delusum
346 2029 404 2058 esse.
426 2015 476 2058 Hoc
484 2015 562 2070 itaque
572 2017 616 2058 iarn
627 2017 923 2070 quummaximeirato‚ccce

127 2089 216 2131 danista
233 2088 326 2130 adducit
336 2087 501 2144 Stratippoclis
511 2089 635 2144 captivans,
650 2101 716 2144 quarn
726 2089 803 2132 statim
813 2088 924 2144 Epidicus

128 2163 230 2214 agnoscit
240 2175 290 2206 esae
300 2161 438 2216 Periphanis
447 2165 471 2204 et
478 2160 602 2217 Philippae
612 2160 689 2211 tiliam,
696 2162 730 2203 cui
742 2160 794 2204 olisn
806 2163 856 2216 ipae
866 2163 924 2203 «lons

128 2233 232 2277 attulerit
242 2247 255 2276 s
264 2233 395 2290 Periphanc
404 2233 440 2277 illi
452 2236 529 2278 missa.
557 2235 629 2288 Ergo,
639 2235 718 2288 agnita
728 2233 782 2284 lilia,
793 2233 891 2288 Epislioo
902 2241 925 2277 et

128 2307 221 2350 fraudes
235 2307 392 2350 condonentur
405 2311 428 2350 et
437 2306 534 2352 libertas
544 2309 643 2351 obvenit.
672 2304 841 2361 Stratippocles
851 2311 924 2350 autern

129 2393 153 2423 sa
163 2379 256 2424 fidicina
265 2392 307 2423 sua
316 2378 409 2424 solatur.
855 2369 858 2376 Δ

383 2467 387 2476 ·
418 2452 540 2498 Sceuaest
554 2453 655 2496 Athenis.

430 2611 628 2644 nau-esp*
