2160 3112
384 255 607 312 rauranum,
844 258 889 302 vn

155 375 214 436 xl.
234 375 350 436 Primae
368 382 494 457 syllabae
511 381 612 439 breves
626 381 770 438 interdum
784 382 891 456 produ·
987 453 993 466 ι

90 474 202 521 cuntur
211 482 265 539 per
276 465 418 538 poeticam
427 466 584 535 licentiam,
594 474 627 520 ut
635 467 665 520 in
675 462 801 520 Homero
814 465 889 520 idom

91 549 266 622 saepissime
279 546 320 602 fit.
346 545 398 602 Sic
411 548 571 603 indubitate
583 546 683 622 Amph.
697 548 727 617 2,
741 549 772 618 2,
785 547 833 604 65.
848 550 890 603 le-

90 631 235 708 gendum:
249 633 442 696 rivortimini,
450 639 479 684 et
487 629 666 688 lorentiano
682 628 768 686 Troo.
780 632 810 701 3,
822 633 850 701 1,
861 630 890 686 5.

91 716 159 770 coll.
177 713 254 770 Men.
267 715 338 786 prol.
352 713 401 768 39.
416 723 445 768 et
451 713 653 790 polenturium
664 712 747 770 Cure.
758 716 789 785 2,
800 716 830 785 3,
842 717 889 772 16.

90 808 121 852 et
130 799 278 873 diipinuto
289 784 366 869 Capt.
377 797 409 866 4,
418 797 448 866 2,
462 797 528 851 118.
539 805 568 850 et
581 795 889 854 tdbernnoulumTrin.

90 883 124 952 3,
138 881 172 950 2,
189 881 256 934 100.
271 891 300 932 et
315 875 505 955 Cdpltonibus
517 877 594 936 Pom.
611 881 639 947 l,
654 879 684 949 2,
700 881 727 936 8.
742 888 771 934 et
783 879 890 957 griber-

90 973 188 1019 nutor
201 959 274 1016 Rud.
287 961 354 1028 1,2,
365 962 449 1016 uret
463 963 616 1020 aberravit
630 959 704 1017 Men.
717 964 789 1037 prol.
799 964 847 1019 31.
861 972 890 1018 et

90 1053 270 1102 &morentur
286 1043 345 1100 Mil.
361 1047 392 1111 4,
406 1046 437 1114 6,
451 1044 500 1100 32.
514 1043 567 1120 Ep.
582 1045 613 1114 2,
628 1047 658 1114 2,
672 1046 721 1100 32.

157 1157 226 1214 Xll.
249 1160 395 1226 Quaedam
407 1163 492 1236 plana
504 1162 605 1232 aliam,
628 1170 713 1238 alque
727 1164 757 1217 in
772 1165 890 1240 seriori-

95 1247 162 1314 bus,
172 1255 329 1318 sequuntur
337 1245 508 1320 prosodiam.
530 1244 581 1302 sic
591 1245 788 1320 producuntur
799 1245 890 1302 Ache-

95 1345 185 1399 runs,
200 1330 338 1406 auspicio,
357 1329 487 1399 rubidus,
506 1329 628 1400 roduam
647 1325 704 1384 alia
721 1330 844 1401 variant,
857 1339 890 1384 ut

91 1410 241 1466 interdum
269 1412 424 1485 corripitur
445 1413 626 1488 neutiquam,
654 1422 768 1484 autem,
792 1415 888 1484 senei,

91 1497 103 1548 i
107 1496 171 1550 bur.

157 1608 242 1668 xlll.
260 1609 385 1668 Nomina
400 1615 513 1688 propria
532 1611 609 1669 haud
626 1631 691 1668 raro
713 1612 888 1687 singularem

92 1695 203 1752 habent
216 1697 403 1750 scansionem.
424 1695 467 1752 Cf.
482 1695 566 1752 Most.
582 1697 612 1766 3,
628 1699 657 1765 2,
673 1697 721 1752 88.
737 1693 842 1751 Bacch.
858 1701 888 1764 4,

91 1781 123 1850 8,
138 1778 190 1834 23.
205 1786 235 1832 et
247 1779 284 1833 ib.
294 1798 320 1834 v.
333 1780 360 1835 5.
373 1779 434 1836 Mil.
452 1783 478 1850 l,
491 1781 573 1849 l‚o·l.
597 1779 742 1849 lv‚2‚64.
759 1777 808 1848 lV,
819 1781 848 1848 7,
859 1783 887 1834 0.

90 1861 183 1918 Mero.
195 1862 226 1931 2,
237 1863 268 1931 4,
281 1863 328 1916 20.
351 1860 415 1919 Cas.
426 1864 456 1935 3,
468 1863 497 1934 5,
511 1865 556 1918 11.
584 1860 658 1919 Rud.
669 1863 699 1934 3,
711 1863 741 1931 3,
755 1863 800 1917 14.
817 1859 887 1917 Cist.

90 1949 123 2016 4,
139 1947 172 2016 2,
186 1944 236 2000 25.

159 2060 240 2118 xlv,
254 2083 268 2117 o
281 2061 367 2118 finale
376 2062 512 2121 infinitivi
523 2062 600 2119 haud
612 2081 676 2118 raro
688 2060 886 2130 omittendum,

93 2159 129 2202 ut
142 2147 174 2200 in
189 2162 250 2201 esan
265 2149 378 2202 centies.
405 2144 463 2202 Sed
476 2157 505 2202 ot
518 2150 548 2203 iu
562 2148 637 2202 aliis.
664 2144 707 2202 Cf.
718 2143 800 2219 Epid.
815 2146 845 2216 2,
855 2148 887 2210 2,

92 2227 183 2301 621,
201 2231 228 2300 l,
245 2227 329 2299 731,
343 2231 374 2299 2,
388 2229 436 2285 25.
452 2228 488 2300 ll,
503 2231 533 2300 2,
547 2233 596 2286 45.
623 2227 704 2284 Cure.
722 2231 751 2298 4,
770 2230 796 2298 1,
810 2229 838 2283 9.

153 2333 221 2392 XV.
236 2357 255 2394 a
268 2338 355 2393 finale
368 2340 536 2394 nominativi
549 2339 657 2412 primae
666 2337 808 2392 interdum
820 2357 885 2411 pro-

90 2421 220 2491 ducitur,
232 2429 260 2475 et
273 2422 343 2475 item
358 2441 371 2476 e
384 2421 431 2476 fin.
445 2422 563 2478 ablativi
578 2431 607 2476 et
619 2421 764 2476 infinitivi.
781 2418 824 2476 Cf.
837 2421 884 2477 As.

90 2507 122 2574 4,
141 2505 170 2572 l,
187 2505 233 2559 17.
255 2503 317 2560 Am.
332 2503 363 2568 5,
378 2507 405 2576 1,
419 2507 445 2560 2
467 2505 527 2562 Mil.
542 2505 572 2574 3,
586 2505 616 2575 3,
630 2505 657 2560 5.
679 2503 753 2560 Mon.
769 2503 798 2574 5,
813 2504 842 2574 5,
856 2504 884 2560 2.

88 2587 181 2643 Poan.
200 2588 227 2657 l,
241 2587 271 2659 2,
283 2589 332 2642 42.
351 2587 411 2644 Mil.
426 2591 456 2659 4,
471 2590 501 2659 8,
514 2589 542 2644 4.
560 2589 608 2644 As.
622 2589 652 2658 2,
666 2589 697 2657 4,
714 2589 759 2642 14.
779 2588 827 2643 36.
846 2585 884 2655 ll,

90 2674 122 2742 4,
133 2671 184 2726 48.
199 2669 276 2726 Pers.
289 2673 316 2742 l,
325 2673 356 2742 2,
366 2673 415 2728 43.
430 2671 490 2729 Mil.
500 2673 531 2742 4,
541 2671 571 2739 8,
581 2673 607 2727 7.
621 2669 723 2725 Pseud.
737 2671 764 2739 l,
774 2671 805 2739 3,
817 2667 884 2722 135.

89 2753 193 2832 Amph.
207 2756 238 2826 2,
255 2757 282 2824 1,
297 2758 324 2812 4.
455 2756 456 2760 ’
