<?xml version="1.0" encoding="UTF-8"?>
<!DOCTYPE html PUBLIC "-//W3C//DTD XHTML 1.0 Transitional//EN"
    "http://www.w3.org/TR/xhtml1/DTD/xhtml1-transitional.dtd">
<html xmlns="http://www.w3.org/1999/xhtml" xml:lang="en" lang="en">
 <head>
  <title>
</title>
<meta http-equiv="Content-Type" content="text/html;charset=utf-8" />
  <meta name='ocr-system' content='tesseract 3.04.00' />
  <meta name='ocr-capabilities' content='ocr_page ocr_carea ocr_par ocr_line ocrx_word'/>
</head>
<body>
  <div class='ocr_page' id='page_1' title='image "./quaesupersuntco01plaugoog_0307.png"; bbox 0 0 2206 3114; ppageno 0'>
   <div class='ocr_carea' id='block_1_1' title="bbox 183 235 648 286">
    <p class='ocr_par' dir='ltr' id='par_1_1' title="bbox 183 235 648 286">
     <span class='ocr_line' id='line_1_1' title="bbox 183 235 648 286; baseline -0.004 -2"><span class='ocrx_word' id='word_1_1' title='bbox 183 235 232 286; x_wconf 72' lang='lat'><strong>294</strong></span> <span class='ocrx_word' id='word_1_2' title='bbox 514 237 648 283; x_wconf 78' lang='lat' dir='ltr'><strong>NOTAE</strong></span> 
     </span>
    </p>
   </div>
   <div class='ocr_carea' id='block_1_2' title="bbox 181 354 981 2714">
    <p class='ocr_par' dir='ltr' id='par_1_2' title="bbox 183 354 980 526">
     <span class='ocr_line' id='line_1_2' title="bbox 238 354 978 416; baseline -0.001 -16"><span class='ocrx_word' id='word_1_3' title='bbox 238 355 275 407; x_wconf 89' lang='lat'><strong>11,</strong></span> <span class='ocrx_word' id='word_1_4' title='bbox 290 360 315 408; x_wconf 78' lang='lat'><strong>4,</strong></span> <span class='ocrx_word' id='word_1_5' title='bbox 332 359 365 402; x_wconf 80' lang='grc'><strong>13.</strong></span> <span class='ocrx_word' id='word_1_6' title='bbox 389 355 474 416; x_wconf 66' lang='lat' dir='ltr'><strong>Nectum</strong></span> <span class='ocrx_word' id='word_1_7' title='bbox 492 354 683 408; x_wconf 67' lang='lat' dir='ltr'><strong>monosyllabum,</strong></span> <span class='ocrx_word' id='word_1_8' title='bbox 707 360 733 399; x_wconf 89' lang='lat' dir='ltr'><strong>ut</strong></span> <span class='ocrx_word' id='word_1_9' title='bbox 750 356 834 399; x_wconf 85' lang='lat' dir='ltr'><strong>Pseud.</strong></span> <span class='ocrx_word' id='word_1_10' title='bbox 850 360 873 406; x_wconf 91' lang='lat'><strong>1,</strong></span> <span class='ocrx_word' id='word_1_11' title='bbox 889 359 914 406; x_wconf 87' lang='grc'><strong>3,</strong></span> <span class='ocrx_word' id='word_1_12' title='bbox 931 359 978 400; x_wconf 87' lang='grc'><strong>133.</strong></span> 
     </span>
     <span class='ocr_line' id='line_1_3' title="bbox 184 409 980 468; baseline -0.001 -11"><span class='ocrx_word' id='word_1_13' title='bbox 184 413 214 457; x_wconf 83' lang='lat' dir='ltr'><strong>al.</strong></span> <span class='ocrx_word' id='word_1_14' title='bbox 228 438 257 447; x_wconf 94' lang='lat'><em>-</em></span> <span class='ocrx_word' id='word_1_15' title='bbox 279 428 301 457; x_wconf 84' lang='lat' dir='ltr'><strong>v.</strong></span> <span class='ocrx_word' id='word_1_16' title='bbox 317 418 350 458; x_wconf 81' lang='grc'><strong>16.</strong></span> <span class='ocrx_word' id='word_1_17' title='bbox 370 409 446 456; x_wconf 69' lang='lat' dir='ltr'><strong>Senem</strong></span> <span class='ocrx_word' id='word_1_18' title='bbox 464 411 650 464; x_wconf 85' lang='lat' dir='ltr'><strong>monosyllabum,</strong></span> <span class='ocrx_word' id='word_1_19' title='bbox 670 417 695 455; x_wconf 87' lang='lat' dir='ltr'><strong>ot</strong></span> <span class='ocrx_word' id='word_1_20' title='bbox 714 412 783 468; x_wconf 86' lang='lat' dir='ltr'><strong>Epid.</strong></span> <span class='ocrx_word' id='word_1_21' title='bbox 799 417 818 462; x_wconf 93' lang='grc'><strong>1,</strong></span> <span class='ocrx_word' id='word_1_22' title='bbox 835 413 980 463; x_wconf 61' lang='grc'><strong>13311111.</strong></span> 
     </span>
     <span class='ocr_line' id='line_1_4' title="bbox 183 467 746 526; baseline -0.005 -14"><span class='ocrx_word' id='word_1_23' title='bbox 183 469 242 526; x_wconf 86' lang='lat' dir='ltr'><strong>prol.</strong></span> <span class='ocrx_word' id='word_1_24' title='bbox 257 474 292 514; x_wconf 82' lang='grc'><strong>35.</strong></span> <span class='ocrx_word' id='word_1_25' title='bbox 307 470 337 512; x_wconf 91' lang='lat' dir='ltr'><strong>al.</strong></span> <span class='ocrx_word' id='word_1_26' title='bbox 351 493 380 504; x_wconf 90' lang='lat'><em>-</em></span> <span class='ocrx_word' id='word_1_27' title='bbox 402 482 424 512; x_wconf 77' lang='lat' dir='ltr'><strong>v.</strong></span> <span class='ocrx_word' id='word_1_28' title='bbox 438 471 474 512; x_wconf 80' lang='grc'><strong>36.</strong></span> <span class='ocrx_word' id='word_1_29' title='bbox 493 481 538 512; x_wconf 83' lang='lat' dir='ltr'><strong>esse</strong></span> <span class='ocrx_word' id='word_1_30' title='bbox 557 467 746 520; x_wconf 68' lang='lat' dir='ltr'><strong>monosyllabum.</strong></span> 
     </span>
    </p>

    <p class='ocr_par' dir='ltr' id='par_1_3' title="bbox 181 522 981 738">
     <span class='ocr_line' id='line_1_5' title="bbox 238 522 981 581; baseline -0.003 -13"><span class='ocrx_word' id='word_1_31' title='bbox 238 526 275 576; x_wconf 91' lang='grc'><strong>11,</strong></span> <span class='ocrx_word' id='word_1_32' title='bbox 294 531 319 576; x_wconf 83' lang='grc'><strong>5,</strong></span> <span class='ocrx_word' id='word_1_33' title='bbox 338 530 359 570; x_wconf 84' lang='grc'><strong>3.</strong></span> <span class='ocrx_word' id='word_1_34' title='bbox 388 525 526 581; x_wconf 79' lang='lat' dir='ltr'><strong>scripsimus</strong></span> <span class='ocrx_word' id='word_1_35' title='bbox 552 525 649 568; x_wconf 71' lang='lat' dir='ltr'><strong>demuets&#39;</strong></span> <span class='ocrx_word' id='word_1_36' title='bbox 670 538 711 579; x_wconf 91' lang='lat' dir='ltr'><strong>pro</strong></span> <span class='ocrx_word' id='word_1_37' title='bbox 730 523 792 578; x_wconf 73' lang='lat' dir='ltr'><strong>vulg.</strong></span> <span class='ocrx_word' id='word_1_38' title='bbox 811 522 932 568; x_wconf 67' lang='lat' dir='ltr'><strong>deonanti.</strong></span> <span class='ocrx_word' id='word_1_39' title='bbox 949 547 981 558; x_wconf 86' lang='lat'><strong>·-</strong></span> 
     </span>
     <span class='ocr_line' id='line_1_6' title="bbox 181 579 977 634; baseline -0.003 -10"><span class='ocrx_word' id='word_1_40' title='bbox 181 597 203 625; x_wconf 87' lang='lat' dir='ltr'><strong>v.</strong></span> <span class='ocrx_word' id='word_1_41' title='bbox 215 587 248 624; x_wconf 84' lang='lat'><strong>11.</strong></span> <span class='ocrx_word' id='word_1_42' title='bbox 259 581 298 626; x_wconf 89' lang='lat' dir='ltr'><strong>Sic</strong></span> <span class='ocrx_word' id='word_1_43' title='bbox 311 581 373 625; x_wconf 90' lang='lat' dir='ltr'><strong>libri.</strong></span> <span class='ocrx_word' id='word_1_44' title='bbox 391 582 423 623; x_wconf 81' lang='lat' dir='ltr'><strong>At</strong></span> <span class='ocrx_word' id='word_1_45' title='bbox 432 579 493 634; x_wconf 74' lang='lat' dir='ltr'><strong>vulg.</strong></span> <span class='ocrx_word' id='word_1_46' title='bbox 512 579 615 624; x_wconf 72' lang='lat' dir='ltr'><strong>saczcam</strong></span> <span class='ocrx_word' id='word_1_47' title='bbox 623 587 695 623; x_wconf 86' lang='lat' dir='ltr'><strong>-cst</strong></span> <span class='ocrx_word' id='word_1_48' title='bbox 708 593 740 624; x_wconf 81' lang='lat' dir='ltr'><strong>ex</strong></span> <span class='ocrx_word' id='word_1_49' title='bbox 753 581 918 630; x_wconf 84' lang='lat' dir='ltr'><strong>emendatione,</strong></span> <span class='ocrx_word' id='word_1_50' title='bbox 934 593 977 634; x_wconf 81' lang='lat' dir='ltr'><strong>quo</strong></span> 
     </span>
     <span class='ocr_line' id='line_1_7' title="bbox 182 635 980 692; baseline -0.005 -11"><span class='ocrx_word' id='word_1_51' title='bbox 182 642 289 691; x_wconf 67' lang='lat' dir='ltr'><strong>iungamur</strong></span> <span class='ocrx_word' id='word_1_52' title='bbox 311 637 349 681; x_wconf 84' lang='lat' dir='ltr'><strong>hic</strong></span> <span class='ocrx_word' id='word_1_53' title='bbox 370 651 403 680; x_wconf 87' lang='lat' dir='ltr'><strong>vs.</strong></span> <span class='ocrx_word' id='word_1_54' title='bbox 422 651 472 680; x_wconf 86' lang='lat' dir='ltr'><strong>com</strong></span> <span class='ocrx_word' id='word_1_55' title='bbox 490 637 605 692; x_wconf 85' lang='lat' dir='ltr'><strong>sequenti,</strong></span> <span class='ocrx_word' id='word_1_56' title='bbox 629 637 667 692; x_wconf 93' lang='lat' dir='ltr'><strong>qui</strong></span> <span class='ocrx_word' id='word_1_57' title='bbox 690 637 739 678; x_wconf 91' lang='lat' dir='ltr'><strong>siue</strong></span> <span class='ocrx_word' id='word_1_58' title='bbox 762 635 829 679; x_wconf 85' lang='lat' dir='ltr'><strong>dubio</strong></span> <span class='ocrx_word' id='word_1_59' title='bbox 853 637 980 692; x_wconf 87' lang='lat' dir='ltr'><strong>suppositi·</strong></span> 
     </span>
     <span class='ocr_line' id='line_1_8' title="bbox 182 697 289 738; baseline -0.019 0"><span class='ocrx_word' id='word_1_60' title='bbox 182 697 227 738; x_wconf 88' lang='lat' dir='ltr'><strong>tius</strong></span> <span class='ocrx_word' id='word_1_61' title='bbox 246 701 289 737; x_wconf 90' lang='lat' dir='ltr'><strong>est.</strong></span> 
     </span>
    </p>

    <p class='ocr_par' dir='ltr' id='par_1_4' title="bbox 184 747 979 860">
     <span class='ocr_line' id='line_1_9' title="bbox 237 747 979 848; baseline -0.004 -55"><span class='ocrx_word' id='word_1_62' title='bbox 237 749 273 800; x_wconf 88' lang='lat' dir='ltr'><strong>ll,</strong></span> <span class='ocrx_word' id='word_1_63' title='bbox 287 753 300 793; x_wconf 77' lang='grc'><strong>2</strong></span> <span class='ocrx_word' id='word_1_64' title='bbox 306 780 330 848; x_wconf 52' lang='lat' dir='ltr'><strong>,ul</strong></span> <span class='ocrx_word' id='word_1_65' title='bbox 327 755 349 793; x_wconf 81' lang='grc'><strong>1.</strong></span> <span class='ocrx_word' id='word_1_66' title='bbox 367 747 425 793; x_wconf 80' lang='lat' dir='ltr'><strong>Inde</strong></span> <span class='ocrx_word' id='word_1_67' title='bbox 444 747 633 804; x_wconf 71' lang='lat' dir='ltr'><strong>monosyllabum,</strong></span> <span class='ocrx_word' id='word_1_68' title='bbox 652 753 679 792; x_wconf 88' lang='lat' dir='ltr'><strong>ut</strong></span> <span class='ocrx_word' id='word_1_69' title='bbox 696 747 780 804; x_wconf 79' lang='lat' dir='ltr'><strong>Amph.</strong></span> <span class='ocrx_word' id='word_1_70' title='bbox 795 753 815 800; x_wconf 88' lang='lat'><strong>1,</strong></span> <span class='ocrx_word' id='word_1_71' title='bbox 830 753 850 800; x_wconf 93' lang='grc'><strong>1,</strong></span> <span class='ocrx_word' id='word_1_72' title='bbox 864 753 886 791; x_wconf 79' lang='lat'><strong>4.</strong></span> <span class='ocrx_word' id='word_1_73' title='bbox 910 747 979 804; x_wconf 82' lang='lat' dir='ltr'><strong>Capt,</strong></span> 
     </span>
     <span class='ocr_line' id='line_1_10' title="bbox 184 809 337 860; baseline -0.013 -10"><span class='ocrx_word' id='word_1_74' title='bbox 184 813 203 860; x_wconf 86' lang='lat'><strong>1,</strong></span> <span class='ocrx_word' id='word_1_75' title='bbox 219 813 239 858; x_wconf 82' lang='lat'><strong>2,</strong></span> <span class='ocrx_word' id='word_1_76' title='bbox 255 809 289 850; x_wconf 78' lang='lat'><strong>19.</strong></span> <span class='ocrx_word' id='word_1_77' title='bbox 331 835 337 848; x_wconf 96' lang='lat'><strong>.</strong></span> 
     </span>
    </p>

    <p class='ocr_par' dir='ltr' id='par_1_5' title="bbox 184 859 980 1254">
     <span class='ocr_line' id='line_1_11' title="bbox 238 859 980 916; baseline -0.001 -11"><span class='ocrx_word' id='word_1_78' title='bbox 238 862 274 912; x_wconf 81' lang='lat'><strong>11.</strong></span> <span class='ocrx_word' id='word_1_79' title='bbox 290 866 314 912; x_wconf 87' lang='grc'><strong>3,</strong></span> <span class='ocrx_word' id='word_1_80' title='bbox 329 864 350 905; x_wconf 71' lang='lat' dir='ltr'><strong>d.</strong></span> <span class='ocrx_word' id='word_1_81' title='bbox 368 859 438 914; x_wconf 68' lang='lat' dir='ltr'><strong>vulg.</strong></span> <span class='ocrx_word' id='word_1_82' title='bbox 456 861 518 906; x_wconf 77' lang='lat' dir='ltr'><strong>Adeo</strong></span> <span class='ocrx_word' id='word_1_83' title='bbox 536 860 610 905; x_wconf 65' lang='lat' dir='ltr'><strong>fromn</strong></span> <span class='ocrx_word' id='word_1_84' title='bbox 627 861 701 906; x_wconf 82' lang='lat' dir='ltr'><strong>s&#39;lls‘nc.</strong></span> <span class='ocrx_word' id='word_1_85' title='bbox 729 861 934 916; x_wconf 78' lang='lat' dir='ltr'><strong>Transposuimus,</strong></span> <span class='ocrx_word' id='word_1_86' title='bbox 953 864 980 904; x_wconf 88' lang='lat' dir='ltr'><strong>ut</strong></span> 
     </span>
     <span class='ocr_line' id='line_1_12' title="bbox 184 915 980 974; baseline -0.003 -12"><span class='ocrx_word' id='word_1_87' title='bbox 184 919 251 962; x_wconf 77' lang='lat' dir='ltr'><strong>illinc</strong></span> <span class='ocrx_word' id='word_1_88' title='bbox 270 919 300 961; x_wconf 87' lang='lat' dir='ltr'><strong>sit</strong></span> <span class='ocrx_word' id='word_1_89' title='bbox 317 915 508 970; x_wconf 71' lang='lat' dir='ltr'><strong>monosyllabum,</strong></span> <span class='ocrx_word' id='word_1_90' title='bbox 526 919 560 962; x_wconf 88' lang='lat' dir='ltr'><strong>uti</strong></span> <span class='ocrx_word' id='word_1_91' title='bbox 580 919 648 961; x_wconf 84' lang='lat' dir='ltr'><strong>Most.</strong></span> <span class='ocrx_word' id='word_1_92' title='bbox 662 923 687 968; x_wconf 93' lang='grc'><strong>2,</strong></span> <span class='ocrx_word' id='word_1_93' title='bbox 703 923 728 968; x_wconf 88' lang='grc'><strong>2,</strong></span> <span class='ocrx_word' id='word_1_94' title='bbox 746 921 781 962; x_wconf 70' lang='lat' dir='ltr'><strong>td.</strong></span> <span class='ocrx_word' id='word_1_95' title='bbox 800 917 840 974; x_wconf 73' lang='lat' dir='ltr'><strong>qui</strong></span> <span class='ocrx_word' id='word_1_96' title='bbox 857 922 932 960; x_wconf 85' lang='lat' dir='ltr'><strong>autem</strong></span> <span class='ocrx_word' id='word_1_97' title='bbox 950 929 980 960; x_wconf 82' lang='lat' dir='ltr'><strong>ue</strong></span> 
     </span>
     <span class='ocr_line' id='line_1_13' title="bbox 184 974 980 1028; baseline -0.005 -10"><span class='ocrx_word' id='word_1_98' title='bbox 184 975 290 1018; x_wconf 76' lang='lat' dir='ltr'><strong>elidatur.</strong></span> <span class='ocrx_word' id='word_1_99' title='bbox 304 996 333 1007; x_wconf 90' lang='lat'>—</span> <span class='ocrx_word' id='word_1_100' title='bbox 361 975 462 1023; x_wconf 62' lang='lat' dir='ltr'><strong>(tuamor</strong></span> <span class='ocrx_word' id='word_1_101' title='bbox 486 975 594 1028; x_wconf 79' lang='lat' dir='ltr'><strong>postremi</strong></span> <span class='ocrx_word' id='word_1_102' title='bbox 613 974 679 1016; x_wconf 85' lang='lat' dir='ltr'><strong>huius</strong></span> <span class='ocrx_word' id='word_1_103' title='bbox 702 987 783 1017; x_wconf 88' lang='lat' dir='ltr'><strong>scenae</strong></span> <span class='ocrx_word' id='word_1_104' title='bbox 801 987 880 1017; x_wconf 83' lang='lat' dir='ltr'><strong>versus</strong></span> <span class='ocrx_word' id='word_1_105' title='bbox 899 977 980 1028; x_wconf 82' lang='lat' dir='ltr'><strong>aperte</strong></span> 
     </span>
     <span class='ocr_line' id='line_1_14' title="bbox 185 1027 980 1086; baseline -0.003 -12"><span class='ocrx_word' id='word_1_106' title='bbox 185 1032 256 1086; x_wconf 85' lang='lat' dir='ltr'><strong>spurii</strong></span> <span class='ocrx_word' id='word_1_107' title='bbox 275 1033 334 1072; x_wconf 76' lang='lat' dir='ltr'><strong>suunt.</strong></span> <span class='ocrx_word' id='word_1_108' title='bbox 363 1029 416 1072; x_wconf 86' lang='lat' dir='ltr'><strong>Non</strong></span> <span class='ocrx_word' id='word_1_109' title='bbox 436 1030 495 1072; x_wconf 87' lang='lat' dir='ltr'><strong>enim</strong></span> <span class='ocrx_word' id='word_1_110' title='bbox 518 1031 588 1072; x_wconf 86' lang='lat' dir='ltr'><strong>otium</strong></span> <span class='ocrx_word' id='word_1_111' title='bbox 607 1035 657 1072; x_wconf 90' lang='lat' dir='ltr'><strong>erat</strong></span> <span class='ocrx_word' id='word_1_112' title='bbox 679 1027 747 1084; x_wconf 85' lang='lat' dir='ltr'><strong>plura</strong></span> <span class='ocrx_word' id='word_1_113' title='bbox 765 1030 834 1072; x_wconf 89' lang='lat' dir='ltr'><strong>etism</strong></span> <span class='ocrx_word' id='word_1_114' title='bbox 857 1029 980 1072; x_wconf 84' lang='lat' dir='ltr'><strong>adiiciendi</strong></span> 
     </span>
     <span class='ocr_line' id='line_1_15' title="bbox 184 1084 980 1143; baseline -0.001 -15"><span class='ocrx_word' id='word_1_115' title='bbox 184 1094 238 1143; x_wconf 80' lang='lat' dir='ltr'><strong>post</strong></span> <span class='ocrx_word' id='word_1_116' title='bbox 254 1101 276 1129; x_wconf 84' lang='lat' dir='ltr'><strong>v.</strong></span> <span class='ocrx_word' id='word_1_117' title='bbox 291 1089 326 1130; x_wconf 89' lang='grc'><strong>23.</strong></span> <span class='ocrx_word' id='word_1_118' title='bbox 345 1086 434 1129; x_wconf 83' lang='lat' dir='ltr'><strong>Deinde</strong></span> <span class='ocrx_word' id='word_1_119' title='bbox 457 1099 567 1141; x_wconf 86' lang='lat' dir='ltr'><strong>nusquam</strong></span> <span class='ocrx_word' id='word_1_120' title='bbox 589 1088 695 1128; x_wconf 81' lang='lat' dir='ltr'><strong>narratur</strong></span> <span class='ocrx_word' id='word_1_121' title='bbox 712 1084 797 1141; x_wconf 80' lang='lat' dir='ltr'><strong>Apollo</strong></span> <span class='ocrx_word' id='word_1_122' title='bbox 819 1084 925 1128; x_wconf 79' lang='lat' dir='ltr'><strong>Euclioni</strong></span> <span class='ocrx_word' id='word_1_123' title='bbox 948 1087 980 1128; x_wconf 89' lang='lat' dir='ltr'><strong>si·</strong></span> 
     </span>
     <span class='ocr_line' id='line_1_16' title="bbox 185 1139 979 1198; baseline -0.001 -13"><span class='ocrx_word' id='word_1_124' title='bbox 185 1143 250 1185; x_wconf 85' lang='lat' dir='ltr'><strong>miles</strong></span> <span class='ocrx_word' id='word_1_125' title='bbox 270 1144 390 1198; x_wconf 81' lang='lat' dir='ltr'><strong>suppetias</strong></span> <span class='ocrx_word' id='word_1_126' title='bbox 408 1141 497 1184; x_wconf 82' lang='lat' dir='ltr'><strong>tulisse.</strong></span> <span class='ocrx_word' id='word_1_127' title='bbox 526 1141 631 1194; x_wconf 88' lang='lat' dir='ltr'><strong>Denique</strong></span> <span class='ocrx_word' id='word_1_128' title='bbox 650 1139 739 1196; x_wconf 80' lang='lat' dir='ltr'><strong>duplex</strong></span> <span class='ocrx_word' id='word_1_129' title='bbox 760 1139 820 1185; x_wconf 86' lang='lat' dir='ltr'><strong>illud</strong></span> <span class='ocrx_word' id='word_1_130' title='bbox 838 1154 927 1184; x_wconf 64' lang='lat' dir='ltr'><strong>marren</strong></span> <span class='ocrx_word' id='word_1_131' title='bbox 944 1140 979 1184; x_wconf 83' lang='lat' dir='ltr'><strong>lo·</strong></span> 
     </span>
     <span class='ocr_line' id='line_1_17' title="bbox 185 1199 662 1254; baseline -0.008 -12"><span class='ocrx_word' id='word_1_132' title='bbox 185 1213 234 1242; x_wconf 90' lang='lat' dir='ltr'><strong>cum</strong></span> <span class='ocrx_word' id='word_1_133' title='bbox 253 1199 355 1241; x_wconf 79' lang='lat' dir='ltr'><strong>affictum</strong></span> <span class='ocrx_word' id='word_1_134' title='bbox 375 1211 425 1240; x_wconf 87' lang='lat' dir='ltr'><strong>esse</strong></span> <span class='ocrx_word' id='word_1_135' title='bbox 444 1201 524 1254; x_wconf 86' lang='lat' dir='ltr'><strong>aperte</strong></span> <span class='ocrx_word' id='word_1_136' title='bbox 544 1201 662 1239; x_wconf 86' lang='lat' dir='ltr'><strong>monstrat.</strong></span> 
     </span>
    </p>

    <p class='ocr_par' dir='ltr' id='par_1_6' title="bbox 184 1253 979 1366">
     <span class='ocr_line' id='line_1_18' title="bbox 239 1253 979 1308; baseline -0.003 -10"><span class='ocrx_word' id='word_1_137' title='bbox 239 1253 275 1304; x_wconf 85' lang='lat'><strong>11,</strong></span> <span class='ocrx_word' id='word_1_138' title='bbox 291 1257 314 1304; x_wconf 80' lang='grc'><strong>3,</strong></span> <span class='ocrx_word' id='word_1_139' title='bbox 329 1259 350 1297; x_wconf 81' lang='grc'><strong>3.</strong></span> <span class='ocrx_word' id='word_1_140' title='bbox 379 1255 482 1297; x_wconf 84' lang='lat' dir='ltr'><strong>Maxima</strong></span> <span class='ocrx_word' id='word_1_141' title='bbox 505 1253 572 1296; x_wconf 85' lang='lat' dir='ltr'><strong>huius</strong></span> <span class='ocrx_word' id='word_1_142' title='bbox 595 1267 628 1295; x_wconf 84' lang='lat' dir='ltr'><strong>vs.</strong></span> <span class='ocrx_word' id='word_1_143' title='bbox 648 1265 702 1308; x_wconf 87' lang='lat' dir='ltr'><strong>pars</strong></span> <span class='ocrx_word' id='word_1_144' title='bbox 722 1253 787 1296; x_wconf 82' lang='lat' dir='ltr'><strong>deest</strong></span> <span class='ocrx_word' id='word_1_145' title='bbox 808 1253 834 1295; x_wconf 85' lang='lat' dir='ltr'><strong>in</strong></span> <span class='ocrx_word' id='word_1_146' title='bbox 856 1253 979 1304; x_wconf 76' lang='lat' dir='ltr'><strong>codicibus,</strong></span> 
     </span>
     <span class='ocr_line' id='line_1_19' title="bbox 184 1310 481 1366; baseline 0 -12"><span class='ocrx_word' id='word_1_147' title='bbox 184 1311 292 1366; x_wconf 88' lang='lat' dir='ltr'><strong>suppleta</strong></span> <span class='ocrx_word' id='word_1_148' title='bbox 310 1325 324 1354; x_wconf 85' lang='lat' dir='ltr'><strong>a</strong></span> <span class='ocrx_word' id='word_1_149' title='bbox 344 1310 481 1354; x_wconf 79' lang='lat' dir='ltr'><strong>Camerario.</strong></span> 
     </span>
    </p>

    <p class='ocr_par' dir='ltr' id='par_1_7' title="bbox 183 1363 980 1802">
     <span class='ocr_line' id='line_1_20' title="bbox 239 1363 980 1420; baseline -0.001 -10"><span class='ocrx_word' id='word_1_150' title='bbox 239 1367 362 1418; x_wconf 83' lang='lat' dir='ltr'><strong>111,1‚a.</strong></span> <span class='ocrx_word' id='word_1_151' title='bbox 386 1365 487 1410; x_wconf 81' lang='lat' dir='ltr'><strong>Verbum</strong></span> <span class='ocrx_word' id='word_1_152' title='bbox 510 1379 536 1408; x_wconf 87' lang='lat' dir='ltr'><strong>co</strong></span> <span class='ocrx_word' id='word_1_153' title='bbox 571 1363 633 1408; x_wconf 85' lang='lat' dir='ltr'><strong>&#39;ore</strong></span> <span class='ocrx_word' id='word_1_154' title='bbox 656 1366 779 1420; x_wconf 86' lang='lat' dir='ltr'><strong>corripitur</strong></span> <span class='ocrx_word' id='word_1_155' title='bbox 799 1367 826 1408; x_wconf 87' lang='lat' dir='ltr'><strong>in·</strong></span> <span class='ocrx_word' id='word_1_156' title='bbox 841 1364 924 1409; x_wconf 84' lang='lat' dir='ltr'><strong>Plauto</strong></span> <span class='ocrx_word' id='word_1_157' title='bbox 944 1368 980 1410; x_wconf 90' lang='lat' dir='ltr'><strong>uti</strong></span> 
     </span>
     <span class='ocr_line' id='line_1_21' title="bbox 184 1421 978 1489; baseline -0.001 -23"><span class='ocrx_word' id='word_1_158' title='bbox 184 1427 208 1466; x_wconf 90' lang='lat' dir='ltr'><strong>et</strong></span> <span class='ocrx_word' id='word_1_159' title='bbox 221 1423 325 1480; x_wconf 72' lang='lat' dir='ltr'><strong>inquieto,</strong></span> <span class='ocrx_word' id='word_1_160' title='bbox 341 1422 465 1466; x_wconf 81' lang='lat' dir='ltr'><strong>deruncino</strong></span> <span class='ocrx_word' id='word_1_161' title='bbox 485 1421 515 1466; x_wconf 87' lang='lat' dir='ltr'><strong>al.</strong></span> <span class='ocrx_word' id='word_1_162' title='bbox 550 1423 568 1464; x_wconf 81' lang='lat' dir='ltr'><strong>f.</strong></span> <span class='ocrx_word' id='word_1_163' title='bbox 586 1422 671 1466; x_wconf 84' lang='lat' dir='ltr'><strong>Pseud.</strong></span> <span class='ocrx_word' id='word_1_164' title='bbox 685 1427 706 1474; x_wconf 88' lang='grc'><strong>3,</strong></span> <span class='ocrx_word' id='word_1_165' title='bbox 722 1427 742 1472; x_wconf 86' lang='grc'><strong>2,</strong></span> <span class='ocrx_word' id='word_1_166' title='bbox 757 1427 791 1466; x_wconf 81' lang='grc'><strong>85.</strong></span> <span class='ocrx_word' id='word_1_167' title='bbox 806 1425 841 1464; x_wconf 80' lang='grc'><strong>31.</strong></span> <span class='ocrx_word' id='word_1_168' title='bbox 859 1422 897 1464; x_wconf 93' lang='lat' dir='ltr'><strong>ubi</strong></span> <span class='ocrx_word' id='word_1_169' title='bbox 915 1424 978 1489; x_wconf 84' lang='lat' dir='ltr'><strong>pari-</strong></span> 
     </span>
     <span class='ocr_line' id='line_1_22' title="bbox 184 1477 977 1576; baseline 0 -56"><span class='ocrx_word' id='word_1_170' title='bbox 184 1485 219 1522; x_wconf 90' lang='lat' dir='ltr'><strong>ter</strong></span> <span class='ocrx_word' id='word_1_171' title='bbox 237 1483 304 1532; x_wconf 83' lang='lat' dir='ltr'><strong>atque</strong></span> <span class='ocrx_word' id='word_1_172' title='bbox 323 1478 360 1522; x_wconf 88' lang='lat' dir='ltr'><strong>hic</strong></span> <span class='ocrx_word' id='word_1_173' title='bbox 374 1479 426 1520; x_wconf 88' lang='lat' dir='ltr'><strong>cdd.</strong></span> <span class='ocrx_word' id='word_1_174' title='bbox 445 1493 523 1522; x_wconf 89' lang='lat' dir='ltr'><strong>omues</strong></span> <span class='ocrx_word' id='word_1_175' title='bbox 541 1477 665 1576; x_wconf 60' lang='lat' dir='ltr'><strong>eophsrinore&#39;</strong></span> <span class='ocrx_word' id='word_1_176' title='bbox 682 1478 773 1528; x_wconf 85' lang='lat' dir='ltr'><strong>babent,</strong></span> <span class='ocrx_word' id='word_1_177' title='bbox 790 1492 835 1520; x_wconf 89' lang='lat' dir='ltr'><strong>non</strong></span> <span class='ocrx_word' id='word_1_178' title='bbox 854 1484 977 1534; x_wconf 67' lang='lat' dir='ltr'><strong>eupatore,</strong></span> 
     </span>
     <span class='ocr_line' id='line_1_23' title="bbox 184 1533 979 1602; baseline 0.001 -26"><span class='ocrx_word' id='word_1_179' title='bbox 184 1535 244 1590; x_wconf 86' lang='lat' dir='ltr'><strong>quod</strong></span> <span class='ocrx_word' id='word_1_180' title='bbox 263 1535 363 1577; x_wconf 82' lang='lat' dir='ltr'><strong>editores</strong></span> <span class='ocrx_word' id='word_1_181' title='bbox 381 1533 474 1602; x_wconf 64' lang='lat' dir='ltr'><strong>voluere</strong></span> <span class='ocrx_word' id='word_1_182' title='bbox 493 1535 530 1578; x_wconf 85' lang='lat' dir='ltr'><strong>bie</strong></span> <span class='ocrx_word' id='word_1_183' title='bbox 549 1547 575 1576; x_wconf 86' lang='lat' dir='ltr'><strong>su</strong></span> <span class='ocrx_word' id='word_1_184' title='bbox 592 1536 694 1577; x_wconf 90' lang='lat' dir='ltr'><strong>stituere.</strong></span> <span class='ocrx_word' id='word_1_185' title='bbox 723 1533 788 1583; x_wconf 73' lang='lat' dir='ltr'><strong>Quod</strong></span> <span class='ocrx_word' id='word_1_186' title='bbox 807 1536 883 1576; x_wconf 84' lang='lat' dir='ltr'><strong>autem</strong></span> <span class='ocrx_word' id='word_1_187' title='bbox 901 1533 979 1592; x_wconf 77' lang='lat' dir='ltr'><strong>coqui-</strong></span> 
     </span>
     <span class='ocr_line' id='line_1_24' title="bbox 183 1589 976 1696; baseline 0.003 -8"><span class='ocrx_word' id='word_1_188' title='bbox 183 1605 226 1634; x_wconf 64' lang='lat' dir='ltr'><strong>nm</strong></span> <span class='ocrx_word' id='word_1_189' title='bbox 238 1591 331 1696; x_wconf 44' lang='grc' dir='ltr'><strong>1111ῑί111ο</strong></span> <span class='ocrx_word' id='word_1_190' title='bbox 332 1589 620 1690; x_wconf 49' lang='grc' dir='ltr'><strong>1ι11111ι11ω11ὲω3ρ21ᾱ11ῃ1</strong></span> <span class='ocrx_word' id='word_1_191' title='bbox 645 1645 750 1690; x_wconf 81' lang='lat' dir='ltr'><strong>saturnii</strong></span> <span class='ocrx_word' id='word_1_192' title='bbox 772 1646 937 1690; x_wconf 77' lang='lat' dir='ltr'><strong>huiuscemodls</strong></span> <span class='ocrx_word' id='word_1_193' title='bbox 958 1663 976 1681; x_wconf 74' lang='grc' dir='ltr'>ν</span> 
     </span>
     <span class='ocr_line' id='line_1_25' title="bbox 186 1702 978 1761; baseline 0.001 -17"><span class='ocrx_word' id='word_1_194' title='bbox 186 1703 577 1758; x_wconf 58' lang='grc' dir='ltr'><strong>ν-ῑν--ίν-Ιέ-νέ·</strong></span> <span class='ocrx_word' id='word_1_195' title='bbox 597 1703 672 1745; x_wconf 86' lang='lat' dir='ltr'><strong>Versu</strong></span> <span class='ocrx_word' id='word_1_196' title='bbox 692 1707 726 1745; x_wconf 83' lang='lat'><strong>1⁰.</strong></span> <span class='ocrx_word' id='word_1_197' title='bbox 744 1702 795 1756; x_wconf 72' lang='lat' dir='ltr'><strong>lege</strong></span> <span class='ocrx_word' id='word_1_198' title='bbox 813 1705 978 1761; x_wconf 78' lang='lat' dir='ltr'><strong>quamdetv.</strong></span> 
     </span>
     <span class='ocr_line' id='line_1_26' title="bbox 184 1757 723 1802; baseline 0 0"><span class='ocrx_word' id='word_1_199' title='bbox 184 1762 218 1802; x_wconf 87' lang='grc'><strong>13.</strong></span> <span class='ocrx_word' id='word_1_200' title='bbox 237 1761 317 1802; x_wconf 82' lang='lat' dir='ltr'><strong>oomd.</strong></span> <span class='ocrx_word' id='word_1_201' title='bbox 330 1781 360 1791; x_wconf 97' lang='lat'><em>-</em></span> <span class='ocrx_word' id='word_1_202' title='bbox 382 1758 498 1800; x_wconf 84' lang='lat' dir='ltr'><strong>Postremi</strong></span> <span class='ocrx_word' id='word_1_203' title='bbox 517 1759 561 1801; x_wconf 90' lang='lat' dir='ltr'><strong>duo</strong></span> <span class='ocrx_word' id='word_1_204' title='bbox 579 1757 723 1802; x_wconf 71' lang='lat' dir='ltr'><strong>tmen-teto.</strong></span> 
     </span>
    </p>

    <p class='ocr_par' dir='ltr' id='par_1_8' title="bbox 238 1813 660 1866">
     <span class='ocr_line' id='line_1_27' title="bbox 238 1813 660 1866; baseline 0.005 -10"><span class='ocrx_word' id='word_1_205' title='bbox 238 1813 284 1864; x_wconf 90' lang='grc' dir='ltr'><strong>ΙΙΙ,</strong></span> <span class='ocrx_word' id='word_1_206' title='bbox 298 1817 319 1864; x_wconf 81' lang='lat'><strong>4,</strong></span> <span class='ocrx_word' id='word_1_207' title='bbox 334 1817 355 1856; x_wconf 82' lang='lat'><strong>¹1.</strong></span> <span class='ocrx_word' id='word_1_208' title='bbox 374 1813 443 1866; x_wconf 75' lang='lat' dir='ltr'><strong>Vulg.</strong></span> <span class='ocrx_word' id='word_1_209' title='bbox 469 1813 512 1862; x_wconf 66' lang='lat' dir='ltr'><strong>Qvo</strong></span> <span class='ocrx_word' id='word_1_210' title='bbox 528 1821 581 1857; x_wconf 82' lang='lat' dir='ltr'><strong>erat</strong></span> <span class='ocrx_word' id='word_1_211' title='bbox 598 1813 660 1858; x_wconf 66' lang='grc' dir='ltr'><strong>(Μ’.</strong></span> 
     </span>
    </p>

    <p class='ocr_par' dir='ltr' id='par_1_9' title="bbox 182 1869 978 2147">
     <span class='ocr_line' id='line_1_28' title="bbox 238 1869 978 1928; baseline 0.005 -17"><span class='ocrx_word' id='word_1_212' title='bbox 238 1869 321 1919; x_wconf 69' lang='lat'><strong>11155.</strong></span> <span class='ocrx_word' id='word_1_213' title='bbox 345 1869 454 1912; x_wconf 84' lang='lat' dir='ltr'><strong>Fortasse</strong></span> <span class='ocrx_word' id='word_1_214' title='bbox 479 1872 552 1913; x_wconf 86' lang='lat' dir='ltr'><strong>maior</strong></span> <span class='ocrx_word' id='word_1_215' title='bbox 574 1870 640 1913; x_wconf 85' lang='lat' dir='ltr'><strong>huius</strong></span> <span class='ocrx_word' id='word_1_216' title='bbox 665 1885 746 1914; x_wconf 81' lang='lat' dir='ltr'><strong>scenae</strong></span> <span class='ocrx_word' id='word_1_217' title='bbox 774 1885 828 1926; x_wconf 87' lang='lat' dir='ltr'><strong>pars</strong></span> <span class='ocrx_word' id='word_1_218' title='bbox 850 1873 978 1928; x_wconf 85' lang='lat' dir='ltr'><strong>supposita.</strong></span> 
     </span>
     <span class='ocr_line' id='line_1_29' title="bbox 184 1924 978 1983; baseline 0.004 -14"><span class='ocrx_word' id='word_1_219' title='bbox 184 1926 251 1970; x_wconf 84' lang='lat' dir='ltr'><strong>Certe</strong></span> <span class='ocrx_word' id='word_1_220' title='bbox 274 1926 404 1968; x_wconf 86' lang='lat' dir='ltr'><strong>concinnior</strong></span> <span class='ocrx_word' id='word_1_221' title='bbox 426 1924 497 1968; x_wconf 87' lang='lat' dir='ltr'><strong>multo</strong></span> <span class='ocrx_word' id='word_1_222' title='bbox 521 1931 583 1970; x_wconf 87' lang='lat' dir='ltr'><strong>esset</strong></span> <span class='ocrx_word' id='word_1_223' title='bbox 605 1929 695 1983; x_wconf 83' lang='lat' dir='ltr'><strong>poesis,</strong></span> <span class='ocrx_word' id='word_1_224' title='bbox 717 1929 737 1970; x_wconf 92' lang='lat' dir='ltr'><strong>si</strong></span> <span class='ocrx_word' id='word_1_225' title='bbox 760 1933 813 1983; x_wconf 90' lang='lat' dir='ltr'><strong>post</strong></span> <span class='ocrx_word' id='word_1_226' title='bbox 834 1941 925 1972; x_wconf 79' lang='lat' dir='ltr'><strong>versum</strong></span> <span class='ocrx_word' id='word_1_227' title='bbox 943 1934 978 1972; x_wconf 88' lang='grc'><strong>21.</strong></span> 
     </span>
     <span class='ocr_line' id='line_1_30' title="bbox 183 1983 978 2038; baseline 0.003 -14"><span class='ocrx_word' id='word_1_228' title='bbox 183 1983 260 2024; x_wconf 85' lang='lat' dir='ltr'><strong>statim</strong></span> <span class='ocrx_word' id='word_1_229' title='bbox 281 1988 414 2036; x_wconf 87' lang='lat' dir='ltr'><strong>sequeretur</strong></span> <span class='ocrx_word' id='word_1_230' title='bbox 436 1997 458 2024; x_wconf 84' lang='lat' dir='ltr'><strong>v.</strong></span> <span class='ocrx_word' id='word_1_231' title='bbox 472 1985 507 2025; x_wconf 79' lang='grc'><strong>63.</strong></span> <span class='ocrx_word' id='word_1_232' title='bbox 527 1984 610 2025; x_wconf 82' lang='lat' dir='ltr'><strong>omissa</strong></span> <span class='ocrx_word' id='word_1_233' title='bbox 630 1985 676 2026; x_wconf 89' lang='lat' dir='ltr'><strong>ista</strong></span> <span class='ocrx_word' id='word_1_234' title='bbox 699 1984 888 2037; x_wconf 73' lang='lat' dir='ltr'><strong>exaggeratione,</strong></span> <span class='ocrx_word' id='word_1_235' title='bbox 912 1997 978 2038; x_wconf 82' lang='lat' dir='ltr'><strong>quarn</strong></span> 
     </span>
     <span class='ocr_line' id='line_1_31' title="bbox 183 2039 978 2095; baseline 0.001 -14"><span class='ocrx_word' id='word_1_236' title='bbox 183 2053 233 2081; x_wconf 87' lang='lat' dir='ltr'><strong>esse</strong></span> <span class='ocrx_word' id='word_1_237' title='bbox 253 2040 346 2082; x_wconf 79' lang='lat' dir='ltr'><strong>serioris</strong></span> <span class='ocrx_word' id='word_1_238' title='bbox 369 2039 463 2088; x_wconf 84' lang='lat' dir='ltr'><strong>aetatis,</strong></span> <span class='ocrx_word' id='word_1_239' title='bbox 486 2040 581 2092; x_wconf 73' lang='lat' dir='ltr'><strong>genitivi</strong></span> <span class='ocrx_word' id='word_1_240' title='bbox 603 2039 639 2082; x_wconf 90' lang='lat' dir='ltr'><strong>illi</strong></span> <span class='ocrx_word' id='word_1_241' title='bbox 662 2041 687 2083; x_wconf 90' lang='lat' dir='ltr'><strong>iu</strong></span> <span class='ocrx_word' id='word_1_242' title='bbox 705 2041 722 2082; x_wconf 77' lang='lat' dir='ltr'><strong>u</strong></span> <span class='ocrx_word' id='word_1_243' title='bbox 744 2039 813 2095; x_wconf 87' lang='lat' dir='ltr'><strong>plene</strong></span> <span class='ocrx_word' id='word_1_244' title='bbox 835 2043 978 2094; x_wconf 83' lang='lat' dir='ltr'><strong>pronunciuti</strong></span> 
     </span>
     <span class='ocr_line' id='line_1_32' title="bbox 182 2100 314 2147; baseline 0 -9"><span class='ocrx_word' id='word_1_245' title='bbox 182 2100 314 2147; x_wconf 72' lang='lat' dir='ltr'><strong>coarguunt.</strong></span> 
     </span>
    </p>

    <p class='ocr_par' dir='ltr' id='par_1_10' title="bbox 182 2149 978 2307">
     <span class='ocr_line' id='line_1_33' title="bbox 238 2149 978 2210; baseline 0 -14"><span class='ocrx_word' id='word_1_246' title='bbox 238 2150 348 2203; x_wconf 77' lang='lat' dir='ltr'><strong>111‚6,u.</strong></span> <span class='ocrx_word' id='word_1_247' title='bbox 365 2149 434 2205; x_wconf 74' lang='lat' dir='ltr'><strong>Vulg.</strong></span> <span class='ocrx_word' id='word_1_248' title='bbox 452 2149 503 2195; x_wconf 69' lang='lat' dir='ltr'><strong>Ioco</strong></span> <span class='ocrx_word' id='word_1_249' title='bbox 518 2158 558 2202; x_wconf 83' lang='lat' dir='ltr'><strong>est,</strong></span> <span class='ocrx_word' id='word_1_250' title='bbox 577 2157 601 2196; x_wconf 83' lang='lat' dir='ltr'><strong>et</strong></span> <span class='ocrx_word' id='word_1_251' title='bbox 619 2151 654 2196; x_wconf 73' lang='lat' dir='ltr'><strong>dis*</strong></span> <span class='ocrx_word' id='word_1_252' title='bbox 663 2150 764 2210; x_wconf 76' lang='lat' dir='ltr'><strong>fociant</strong></span> <span class='ocrx_word' id='word_1_253' title='bbox 775 2151 814 2196; x_wconf 82' lang='lat' dir='ltr'><strong>uts&#39;</strong></span> <span class='ocrx_word' id='word_1_254' title='bbox 825 2151 874 2203; x_wconf 81' lang='lat' dir='ltr'><strong>ss&#39;et,</strong></span> <span class='ocrx_word' id='word_1_255' title='bbox 894 2153 978 2208; x_wconf 83' lang='lat' dir='ltr'><strong>imper·</strong></span> 
     </span>
     <span class='ocr_line' id='line_1_34' title="bbox 182 2206 978 2264; baseline 0.003 -14"><span class='ocrx_word' id='word_1_256' title='bbox 182 2208 244 2251; x_wconf 84' lang='lat' dir='ltr'><strong>fecto</strong></span> <span class='ocrx_word' id='word_1_257' title='bbox 264 2222 337 2258; x_wconf 86' lang='lat' dir='ltr'><strong>versu,</strong></span> <span class='ocrx_word' id='word_1_258' title='bbox 358 2221 423 2262; x_wconf 85' lang='lat' dir='ltr'><strong>quem</strong></span> <span class='ocrx_word' id='word_1_259' title='bbox 441 2206 483 2250; x_wconf 88' lang='lat' dir='ltr'><strong>alii</strong></span> <span class='ocrx_word' id='word_1_260' title='bbox 502 2207 570 2252; x_wconf 88' lang='lat' dir='ltr'><strong>aliter</strong></span> <span class='ocrx_word' id='word_1_261' title='bbox 589 2207 693 2264; x_wconf 87' lang='lat' dir='ltr'><strong>explent.</strong></span> <span class='ocrx_word' id='word_1_262' title='bbox 718 2209 780 2257; x_wconf 74' lang='lat' dir='ltr'><strong>Quae</strong></span> <span class='ocrx_word' id='word_1_263' title='bbox 793 2207 934 2261; x_wconf 85' lang='lat' dir='ltr'><strong>inclusimus,</strong></span> <span class='ocrx_word' id='word_1_264' title='bbox 948 2211 978 2252; x_wconf 88' lang='lat' dir='ltr'><strong>ab</strong></span> 
     </span>
     <span class='ocr_line' id='line_1_35' title="bbox 182 2265 425 2307; baseline 0 -1"><span class='ocrx_word' id='word_1_265' title='bbox 182 2265 248 2306; x_wconf 87' lang='lat' dir='ltr'><strong>uobis</strong></span> <span class='ocrx_word' id='word_1_266' title='bbox 267 2265 347 2307; x_wconf 81' lang='lat' dir='ltr'><strong>addita</strong></span> <span class='ocrx_word' id='word_1_267' title='bbox 366 2269 425 2307; x_wconf 87' lang='lat' dir='ltr'><strong>sunt.</strong></span> 
     </span>
    </p>

    <p class='ocr_par' dir='ltr' id='par_1_11' title="bbox 238 2319 920 2389">
     <span class='ocr_line' id='line_1_36' title="bbox 238 2319 920 2389; baseline 0.006 -27"><span class='ocrx_word' id='word_1_268' title='bbox 238 2319 279 2370; x_wconf 83' lang='lat' dir='ltr'><strong>IV,</strong></span> <span class='ocrx_word' id='word_1_269' title='bbox 294 2325 316 2372; x_wconf 78' lang='grc'><strong>2,</strong></span> <span class='ocrx_word' id='word_1_270' title='bbox 330 2325 351 2363; x_wconf 77' lang='grc'><strong>1.</strong></span> <span class='ocrx_word' id='word_1_271' title='bbox 369 2321 486 2366; x_wconf 80' lang='lat' dir='ltr'><strong>Auonculo</strong></span> <span class='ocrx_word' id='word_1_272' title='bbox 504 2324 618 2376; x_wconf 85' lang='lat' dir='ltr'><strong>tamquam</strong></span> <span class='ocrx_word' id='word_1_273' title='bbox 634 2320 746 2364; x_wconf 78' lang='lat' dir='ltr'><strong>Creticum</strong></span> <span class='ocrx_word' id='word_1_274' title='bbox 764 2322 920 2389; x_wconf 75' lang='lat' dir='ltr'><strong>pronuntiato.</strong></span> 
     </span>
    </p>

    <p class='ocr_par' dir='ltr' id='par_1_12' title="bbox 182 2374 979 2489">
     <span class='ocr_line' id='line_1_37' title="bbox 237 2374 979 2432; baseline 0.007 -14"><span class='ocrx_word' id='word_1_275' title='bbox 237 2375 279 2427; x_wconf 87' lang='lat' dir='ltr'><strong>IV,</strong></span> <span class='ocrx_word' id='word_1_276' title='bbox 295 2381 329 2426; x_wconf 84' lang='lat'><strong>1⁰,</strong></span> <span class='ocrx_word' id='word_1_277' title='bbox 345 2379 379 2420; x_wconf 81' lang='grc'><strong>61.</strong></span> <span class='ocrx_word' id='word_1_278' title='bbox 397 2374 467 2430; x_wconf 71' lang='lat' dir='ltr'><strong>vulg.</strong></span> <span class='ocrx_word' id='word_1_279' title='bbox 486 2375 598 2422; x_wconf 82' lang='lat' dir='ltr'><strong>habetet</strong></span> <span class='ocrx_word' id='word_1_280' title='bbox 620 2382 672 2421; x_wconf 86' lang='lat' dir='ltr'><strong>aute</strong></span> <span class='ocrx_word' id='word_1_281' title='bbox 691 2377 803 2430; x_wconf 76' lang='lat' dir='ltr'><strong>benedscc,</strong></span> <span class='ocrx_word' id='word_1_282' title='bbox 823 2379 882 2432; x_wconf 83' lang='lat' dir='ltr'><strong>quod</strong></span> <span class='ocrx_word' id='word_1_283' title='bbox 901 2379 979 2424; x_wconf 85' lang='lat' dir='ltr'><strong>omisi·</strong></span> 
     </span>
     <span class='ocr_line' id='line_1_38' title="bbox 182 2431 811 2489; baseline -0.005 -13"><span class='ocrx_word' id='word_1_284' title='bbox 182 2447 231 2476; x_wconf 92' lang='lat' dir='ltr'><strong>mus</strong></span> <span class='ocrx_word' id='word_1_285' title='bbox 251 2447 300 2475; x_wconf 84' lang='lat' dir='ltr'><strong>cum</strong></span> <span class='ocrx_word' id='word_1_286' title='bbox 318 2431 432 2476; x_wconf 80' lang='lat' dir='ltr'><strong>Goellero.</strong></span> <span class='ocrx_word' id='word_1_287' title='bbox 807 2483 811 2489; x_wconf 49' lang='lat'><strong>.</strong></span> 
     </span>
    </p>

    <p class='ocr_par' dir='ltr' id='par_1_13' title="bbox 182 2487 979 2714">
     <span class='ocr_line' id='line_1_39' title="bbox 237 2487 979 2546; baseline 0.007 -16"><span class='ocrx_word' id='word_1_288' title='bbox 237 2487 267 2538; x_wconf 89' lang='lat' dir='ltr'><strong>V,</strong></span> <span class='ocrx_word' id='word_1_289' title='bbox 283 2494 302 2532; x_wconf 87' lang='lat'><strong>1.</strong></span> <span class='ocrx_word' id='word_1_290' title='bbox 322 2487 396 2532; x_wconf 80' lang='lat' dir='ltr'><strong>Scene</strong></span> <span class='ocrx_word' id='word_1_291' title='bbox 407 2488 543 2544; x_wconf 81' lang='lat' dir='ltr'><strong>imperfecta</strong></span> <span class='ocrx_word' id='word_1_292' title='bbox 557 2493 599 2533; x_wconf 89' lang='lat' dir='ltr'><strong>est.</strong></span> <span class='ocrx_word' id='word_1_293' title='bbox 623 2489 669 2534; x_wconf 82' lang='lat' dir='ltr'><strong>Sed</strong></span> <span class='ocrx_word' id='word_1_294' title='bbox 686 2493 711 2534; x_wconf 88' lang='lat' dir='ltr'><strong>et</strong></span> <span class='ocrx_word' id='word_1_295' title='bbox 728 2489 801 2543; x_wconf 86' lang='lat' dir='ltr'><strong>buius,</strong></span> <span class='ocrx_word' id='word_1_296' title='bbox 819 2493 879 2546; x_wconf 83' lang='lat' dir='ltr'><strong>quod</strong></span> <span class='ocrx_word' id='word_1_297' title='bbox 897 2495 979 2544; x_wconf 76' lang='lat' dir='ltr'><strong>restat,</strong></span> 
     </span>
     <span class='ocr_line' id='line_1_40' title="bbox 182 2545 978 2600; baseline 0.008 -14"><span class='ocrx_word' id='word_1_298' title='bbox 182 2545 273 2588; x_wconf 86' lang='lat' dir='ltr'><strong>nonnisi</strong></span> <span class='ocrx_word' id='word_1_299' title='bbox 297 2545 365 2600; x_wconf 86' lang='lat' dir='ltr'><strong>pauci</strong></span> <span class='ocrx_word' id='word_1_300' title='bbox 381 2559 460 2588; x_wconf 80' lang='lat' dir='ltr'><strong>versus</strong></span> <span class='ocrx_word' id='word_1_301' title='bbox 479 2547 585 2589; x_wconf 85' lang='lat' dir='ltr'><strong>videntur</strong></span> <span class='ocrx_word' id='word_1_302' title='bbox 607 2547 699 2600; x_wconf 74' lang='lat' dir='ltr'><strong>genuini</strong></span> <span class='ocrx_word' id='word_1_303' title='bbox 718 2560 776 2591; x_wconf 89' lang='lat' dir='ltr'><strong>esse.</strong></span> <span class='ocrx_word' id='word_1_304' title='bbox 804 2548 867 2597; x_wconf 71' lang='lat' dir='ltr'><strong>Quae</strong></span> <span class='ocrx_word' id='word_1_305' title='bbox 886 2549 911 2591; x_wconf 88' lang='lat' dir='ltr'><strong>in</strong></span> <span class='ocrx_word' id='word_1_306' title='bbox 928 2551 978 2592; x_wconf 88' lang='lat' dir='ltr'><strong>edi-</strong></span> 
     </span>
     <span class='ocr_line' id='line_1_41' title="bbox 184 2599 978 2658; baseline 0.009 -16"><span class='ocrx_word' id='word_1_307' title='bbox 184 2599 283 2642; x_wconf 85' lang='lat' dir='ltr'><strong>tionibus</strong></span> <span class='ocrx_word' id='word_1_308' title='bbox 303 2605 428 2656; x_wconf 83' lang='lat' dir='ltr'><strong>sequuntur</strong></span> <span class='ocrx_word' id='word_1_309' title='bbox 445 2601 578 2658; x_wconf 88' lang='lat' dir='ltr'><strong>Supposita,</strong></span> <span class='ocrx_word' id='word_1_310' title='bbox 598 2603 680 2646; x_wconf 89' lang='lat' dir='ltr'><strong>desunt</strong></span> <span class='ocrx_word' id='word_1_311' title='bbox 697 2605 721 2646; x_wconf 88' lang='lat' dir='ltr'><strong>in</strong></span> <span class='ocrx_word' id='word_1_312' title='bbox 739 2603 768 2646; x_wconf 79' lang='lat' dir='ltr'><strong>V.</strong></span> <span class='ocrx_word' id='word_1_313' title='bbox 788 2604 813 2647; x_wconf 83' lang='lat' dir='ltr'><strong>G.</strong></span> <span class='ocrx_word' id='word_1_314' title='bbox 833 2609 857 2647; x_wconf 87' lang='lat' dir='ltr'><strong>et</strong></span> <span class='ocrx_word' id='word_1_315' title='bbox 874 2605 978 2649; x_wconf 83' lang='lat' dir='ltr'><strong>omuibus</strong></span> 
     </span>
     <span class='ocr_line' id='line_1_42' title="bbox 184 2655 978 2714; baseline 0.008 -17"><span class='ocrx_word' id='word_1_316' title='bbox 184 2657 249 2698; x_wconf 87' lang='lat' dir='ltr'><strong>bonis</strong></span> <span class='ocrx_word' id='word_1_317' title='bbox 268 2655 345 2708; x_wconf 79' lang='lat' dir='ltr'><strong>libris3</strong></span> <span class='ocrx_word' id='word_1_318' title='bbox 366 2658 453 2700; x_wconf 80' lang='lat' dir='ltr'><strong>adiecta</strong></span> <span class='ocrx_word' id='word_1_319' title='bbox 475 2662 528 2700; x_wconf 86' lang='lat' dir='ltr'><strong>sunt</strong></span> <span class='ocrx_word' id='word_1_320' title='bbox 545 2659 619 2702; x_wconf 83' lang='lat' dir='ltr'><strong>medio</strong></span> <span class='ocrx_word' id='word_1_321' title='bbox 634 2673 696 2710; x_wconf 85' lang='lat' dir='ltr'><strong>aevo,</strong></span> <span class='ocrx_word' id='word_1_322' title='bbox 715 2672 782 2714; x_wconf 85' lang='lat' dir='ltr'><strong>quum</strong></span> <span class='ocrx_word' id='word_1_323' title='bbox 802 2666 922 2714; x_wconf 72' lang='lat' dir='ltr'><strong>agerentur</strong></span> <span class='ocrx_word' id='word_1_324' title='bbox 939 2661 978 2703; x_wconf 79' lang='lat' dir='ltr'><strong>fa-</strong></span> 
     </span>
    </p>
   </div>
   <div class='ocr_carea' id='block_1_3' title="bbox 182 2711 978 2824">
    <p class='ocr_par' dir='ltr' id='par_1_14' title="bbox 182 2711 978 2824">
     <span class='ocr_line' id='line_1_43' title="bbox 182 2711 978 2762; baseline 0.01 -10"><span class='ocrx_word' id='word_1_325' title='bbox 182 2711 251 2753; x_wconf 83' lang='lat' dir='ltr'><strong>boloe</strong></span> <span class='ocrx_word' id='word_1_326' title='bbox 273 2712 396 2756; x_wconf 86' lang='lat' dir='ltr'><strong>Plautinae</strong></span> <span class='ocrx_word' id='word_1_327' title='bbox 418 2714 524 2757; x_wconf 86' lang='lat' dir='ltr'><strong>exercitii</strong></span> <span class='ocrx_word' id='word_1_328' title='bbox 554 2727 622 2758; x_wconf 88' lang='lat' dir='ltr'><strong>csuss</strong></span> <span class='ocrx_word' id='word_1_329' title='bbox 644 2727 658 2758; x_wconf 85' lang='lat' dir='ltr'><strong>a</strong></span> <span class='ocrx_word' id='word_1_330' title='bbox 681 2715 833 2760; x_wconf 84' lang='lat' dir='ltr'><strong>scholasticis.</strong></span> <span class='ocrx_word' id='word_1_331' title='bbox 869 2717 928 2762; x_wconf 86' lang='lat' dir='ltr'><strong>Vide</strong></span> <span class='ocrx_word' id='word_1_332' title='bbox 947 2720 978 2760; x_wconf 87' lang='lat' dir='ltr'><strong>ad</strong></span> 
     </span>
     <span class='ocr_line' id='line_1_44' title="bbox 182 2767 414 2824; baseline 0 -14"><span class='ocrx_word' id='word_1_333' title='bbox 182 2767 265 2824; x_wconf 80' lang='lat' dir='ltr'><strong>Amph.</strong></span> <span class='ocrx_word' id='word_1_334' title='bbox 279 2768 321 2820; x_wconf 89' lang='grc' dir='ltr'><strong>Ν,</strong></span> <span class='ocrx_word' id='word_1_335' title='bbox 337 2773 357 2820; x_wconf 87' lang='grc'><strong>2,</strong></span> <span class='ocrx_word' id='word_1_336' title='bbox 378 2771 414 2811; x_wconf 84' lang='lat' dir='ltr'><strong>fin.</strong></span> 
     </span>
    </p>
   </div>
   <div class='ocr_carea' id='block_1_4' title="bbox 0 0 1108 3114">
    <p class='ocr_par' dir='ltr' id='par_1_15' title="bbox 0 0 1108 3114">
     <span class='ocr_line' id='line_1_45' title="bbox 0 0 1108 3114; baseline 0 0"><span class='ocrx_word' id='word_1_337' title='bbox 0 0 1108 3114; x_wconf 95' lang='lat' dir='ltr'><strong> </strong></span> 
     </span>
    </p>
   </div>
   <div class='ocr_carea' id='block_1_5' title="bbox 346 3007 390 3077">
    <p class='ocr_par' dir='ltr' id='par_1_16' title="bbox 346 3007 390 3077">
     <span class='ocr_line' id='line_1_46' title="bbox 346 3007 390 3077; baseline 0 0"><span class='ocrx_word' id='word_1_338' title='bbox 346 3007 390 3077; x_wconf 77' lang='grc' dir='ltr'><strong><em>Ι</em></strong></span> 
     </span>
    </p>
   </div>
  </div>
 </body>
</html>
