2160 3112
234 215 253 276 i
485 222 722 276 nunurruno.

235 351 285 422 qul
294 349 348 404 sihi
357 350 535 404 mandassent
544 350 664 422 delegati
677 341 710 404 u't
722 345 893 420 plauderent,

236 429 317 496 quive
328 425 382 496 qno
397 427 519 497 placeret
529 427 599 481 ilter
608 425 738 481 fecmsint
747 429 845 492 miuus,

180 513 206 557 85
235 505 275 555 eis
286 503 447 556 ornamenta
457 510 487 556 et
495 503 598 556 corium
609 504 652 555 utl
662 503 845 556 conciderent.

234 578 333 631 Mirarl
347 579 433 631 nolim
443 578 507 644 vos,
522 585 691 648 quapropter
701 572 805 646 lt'rpiter

235 670 308 706 nuno
318 653 465 706 histriones
477 649 561 706 cirret.
601 654 642 707 Ne
653 653 802 706 miriminlr

234 730 294 798 ipse
304 727 375 782 hano
385 737 509 782 acturust
521 724 626 798 lirplter
635 727 817 782 eomoidiam.

237 805 310 866 Quid
321 804 450 857 admirati
461 803 540 869 estis,
552 805 706 874 quasivero
717 821 818 857 novom

181 889 207 933 9⁰
235 896 308 931 nunc
318 879 486 948 proferatur,
502 879 593 934 lovem
605 880 697 934 iacere
711 878 902 932 histrioniaml

235 956 341 1020 Etiam,
355 953 502 1008 histriones
513 955 585 1008 inno
597 971 680 1027 quom
690 957 719 1007 in
730 953 876 1024 praeconio
888 953 933 1006 hia

235 1031 327 1083 lovem
338 1031 513 1096 invocarunt,
528 1030 615 1097 venit,
635 1033 740 1083 anxilio
752 1029 793 1084 kls
802 1031 864 1084 init.

235 1106 383 1159 Praeterea
394 1113 468 1159 certo
480 1105 573 1175 prodit
581 1108 609 1158 ln
620 1101 775 1176 tra'goe'dlti.

236 1181 317 1236 Hane
330 1182 465 1248 fabulam,
486 1183 612 1252 inquam,
633 1180 679 1235 hle
698 1177 803 1254 h'rplter
822 1181 905 1236 hodio
918 1183 979 1252 ipse
1066 1227 1067 1256 3

442 1265 514 1328 aget,

181 1341 205 1388 li
236 1343 263 1386 et
273 1349 324 1404 ego
334 1327 391 1386 rina
401 1349 462 1386 oum
473 1333 533 1386 illo.
572 1333 652 1386 Nunc
662 1334 782 1386 animum
794 1333 939 1400 advortite,

236 1411 299 1462 dum
310 1403 392 1460 ht‘rius
403 1415 593 1477 argumentum
605 1407 720 1484 &loquar
730 1408 901 1462 comoediae.

272 1485 351 1538 Haeo
364 1477 430 1536 iubs
451 1491 493 1536 est
507 1483 628 1536 Thebae.
667 1485 698 1536 ln
708 1485 797 1536 illisce
812 1483 920 1537 habitat
934 1482 977 1535 aee

441 1559 522 1611 (libus

236 1635 411 1705 Amphitruo,
427 1642 509 1687 natus
519 1630 602 1704 Argis
613 1633 728 1702 exurgit
740 1641 826 1704 patre,

236 1713 346 1782 qrrimtm
357 1693 509 1763 hlmtmena
519 1718 561 1763 est
570 1703 669 1780 alipta,
681 1711 784 1762 Electri
793 1711 864 1762 lilia.

183 1797 221 1841 lto
236 1790 262 1840 ls
272 1783 344 1840 nime
354 1786 515 1855 Amphitruo
530 1785 705 1855 prae'fectu'st
716 1785 883 1854 legionibus:

236 1881 298 1916 nam
311 1857 371 1915 ciam
383 1863 513 1914 Telebois
523 1861 624 1913 billum
640 1868 682 1912 est
692 1857 823 1912 Thebano
835 1862 929 1930 poplo.

236 1941 263 1991 ls
273 1933 433 2008 pruisquam
445 1936 508 1989 hino
520 1938 589 1988 abiit
599 1937 713 2004 ipsemet
722 1936 751 1986 in
762 1934 920 2001 exe'rcltum,

236 2014 378 2084 gravidam
389 1995 567 2064 Alcumenam
577 2005 692 2063 imorem
703 2011 768 2063 iecit
778 2027 865 2064 snam.

236 2089 306 2144 Nam
317 2106 368 2159 ego
377 2089 427 2141 vos
437 2085 635 2140 novissemido
644 2082 709 2151 lam,
716 2094 747 2138 ut
755 2087 792 2139 sit
800 2087 880 2156 pitter
888 2101 975 2148 meum

184 2172 222 2219 loa
238 2180 318 2234 quam
330 2166 400 2218 liber
409 2163 505 2215 harum
516 2161 605 2216 remum
621 2157 767 2215 multarum
779 2164 839 2228 siet,

237 2235 409 2311 quantisque
426 2247 546 2304 amator,
563 2237 644 2306 quom
660 2238 727 2306 quid
739 2231 931 2307 complacitum
945 2242 976 2287 'st

443 2315 536 2367 semel.

237 2392 263 2443 ls
275 2391 366 2444 amira
379 2391 506 2459 occoepit
516 2371 693 2442 hloumenam
706 2388 775 2442 elim
786 2389 883 2454 virum,

236 2461 403 2535 usirramque
414 2467 473 2519 eius
484 2463 609 2534 corporis
620 2465 692 2532 oepit
702 2465 765 2530 sibi,

237 2551 265 2596 et
274 2543 416 2612 gravidam
427 2542 494 2594 iecit
504 2541 527 2593 is
537 2557 597 2594 eam
609 2534 768 2610 compressit
779 2555 839 2591 stro.

183 2625 223 2674 llo
238 2619 331 2685 Nunc,
341 2619 376 2672 tle
387 2600 538 2671 hlurmena
547 2625 579 2669 ut
588 2615 644 2669 'rem
655 2617 772 2670 teneatis
782 2612 893 2680 rectius,

237 2695 373 2766 utrimque
394 2701 436 2748 est
454 2693 583 2763 gravida,
604 2700 631 2746 et
651 2691 684 2746 ἐι
702 2693 761 2745 viro
782 2697 858 2744 etex
874 2690 974 2744 sunmrl

442 2771 521 2836 love3
