2206 3114
369 249 372 253 ι
422 179 549 225 Acriis
574 181 591 224 l.
865 175 882 227 9

135 299 880 369 on.Se1es‚hoc1taessevaet1b1quottem0dn‚

134 395 160 429 s1
151 377 248 438 vivo,
265 375 392 428 habebo'
383 392 413 426 ιιι
427 370 531 444 ndptiis
546 371 674 450 miserium
689 375 770 426 meis!

134 468 181 504 crs.
208 451 282 513 Quid
301 444 415 502 tdmihi
434 450 536 504 faciest
576 447 625 503 ou.
645 451 741 518 Egone
756 452 822 518 quid
841 452 880 502 fe-

300 524 370 576 ciim
389 522 458 576 tibii

134 597 879 668 Primumdmniumhuiclucdbisnovaenuptudfacem·
910 611 935 652 30

136 676 277 748 [postssla,
293 681 324 726 ut
334 691 441 742 semper
454 675 596 744 improbus
610 673 733 744 nihilque
748 675 811 744 sis]

134 758 199 819 post
213 751 242 802 id
257 751 396 824 locorum,
413 749 523 817 qudndo
536 751 571 800 ad
583 750 677 800 villam
688 749 803 814 veneris,

135 820 247 878 dabitdr
259 825 312 876 tibi
328 815 539 894 amphoradna,
555 831 582 876 et
597 841 652 876 sina
662 825 769 888 semita,

133 895 222 954 fous'
207 917 292 964 unus,
307 916 391 951 ιιιιιιιιι
402 899 531 964 ahenum,
548 905 576 951 et
586 906 649 952 octo
662 899 750 962 dolien

135 993 205 1046 quae
225 975 280 1026 nisi
298 983 378 1026 erunt
396 991 503 1042 semper
523 973 617 1042 plena,
639 991 690 1043 ego
711 981 739 1026 tc
758 975 878 1044 implebo

298 1050 403 1118 flagris.
908 1060 933 1102 35

134 1127 176 1176 lta
186 1131 213 1176 tc
225 1123 383 1192 ingerenda
399 1119 510 1176 cdrvom
522 1139 595 1194 aqua
608 1123 709 1176 faeiem
725 1127 819 1194 probe,

134 1207 165 1252 ut
183 1199 322 1267 postilena
335 1199 425 1266 possit
442 1215 475 1252 ex
490 1205 517 1250 te
531 1199 603 1250 fieri.

134 1276 204 1328 Post
214 1268 318 1338 alitem,
333 1275 393 1326 ruri
402 1275 457 1325 nisi
465 1281 497 1326 tu
508 1284 556 1326 aut
566 1290 658 1326 ervom
669 1272 768 1340 c'deris,
792 1267 795 1276 ’

135 1355 195 1414 usit,
211 1348 292 1418 qudsi
301 1349 465 1413 lumbricus,
479 1347 594 1400 terram:
615 1350 689 1416 quod
700 1356 727 1401 te
738 1349 860 1418 postules

133 1424 246 1493 gustdre
260 1425 423 1493 quidquam,
439 1419 578 1490 nimquam
589 1424 688 1492 edepol
700 1419 831 1476 ieidnium
910 1431 934 1474 iu

113 1545 115 1550 .
134 1493 257 1553 ieidnum
268 1504 310 1550 est
320 1515 419 1566 aeque,
434 1505 516 1566 atque
527 1496 578 1566 ego
590 1505 617 1550 te
627 1501 686 1550 ruri
696 1499 821 1552 rdddibo.

136 1575 205 1627 Post
214 1574 255 1639 id,
271 1590 354 1642 quom
365 1575 455 1625 lassus
464 1568 551 1626 oleris
562 1579 589 1626 et
597 1573 750 1638 famelicus,

134 1656 220 1702 noctu
229 1643 261 1700 dt
276 1649 411 1716 condigne
424 1647 451 1700 td
468 1650 562 1713 cubes,
583 1648 732 1700 curdbitur.

135 1739 182 1777 cn.
204 1725 278 1786 Quid
290 1723 393 1776 ficies?
432 1737 481 1776 ou.
503 1723 672 1776 Concludere
689 1726 718 1774 in
733 1725 879 1780 fenestram

300 1797 427 1863 firmiter,

137 1875 208 1928 uude
220 1867 376 1925 adscultare
391 1873 495 1942 pdssis,
512 1889 594 1940 quom
605 1889 656 1940 ego
671 1875 747 1924 illam
764 1875 879 1940 osculer,
909 1881 934 1926 le

137 1965 220 2018 quom
231 1949 270 2000 mi
282 1948 332 1999 illa
346 1950 440 2000 dicetz'
452 1949 513 2012 „Mi
524 1947 655 2012 inimule,
671 1951 708 1998 mi
720 1947 859 2018 Olympio,

137 2040 199 2076 mea
212 2023 281 2087 vita,
296 2039 358 2074 mea
368 2023 494 2086 mellilia,
509 2039 571 2074 meu
584 2023 728 2088 festivitas,

137 2101 196 2150 siue
214 2093 280 2150 tdos
301 2099 405 2150 ocellos
425 2097 581 2162 deosculer,
601 2099 729 2164 voluptis
749 2098 822 2150 mco!

137 2175 208 2238 sine,
220 2173 334 2238 amdbo,
348 2175 395 2225 ted
406 2173 502 2237 amdri,
518 2189 594 2224 meus
604 2169 690 2225 festius
702 2175 770 2238 dics,

118 2293 120 2298 ,
138 2263 214 2301 meus
224 2242 316 2316 pdllus
326 2265 435 2316 passer,
449 2247 511 2300 mea
522 2249 658 2312 columba,
676 2249 714 2300 mi
724 2248 834 2315 lepus!“
911 2259 935 2300 5ιι

138 2326 228 2385 Quom
238 2325 278 2374 mi
288 2322 356 2374 haee
370 2325 494 2374 dicentur
505 2323 591 2374 dicta:
611 2330 668 2374 ῐιιιιι
679 2331 722 2388 tu,
738 2323 858 2386 furcifer,

137 2400 218 2467 quasi
228 2393 301 2462 mds,
316 2399 345 2449 in
355 2399 447 2449 medio
463 2397 562 2464 pdrieti
572 2397 727 2450 vorsdbere.

136 2473 228 2538 Nunc,
242 2470 276 2524 nd
286 2479 318 2524 tn
328 2479 355 2524 tc
366 2472 434 2524 mihi
444 2471 609 2540 respondere
620 2472 750 2540 pdstnles,

137 2550 207 2600 abeo
219 2547 305 2598 intro:
324 2549 418 2599 taedet
427 2546 562 2598 sermonis
571 2547 622 2597 tui.
653 2563 698 2600 cn.
719 2547 759 2599 Τό
770 2565 879 2615 sequor.

139 2624 195 2674 Hic
205 2622 314 2692 quidem
325 2623 374 2690 pol
385 2628 459 2672 certo
470 2620 539 2672 nssni
549 2637 614 2689 ages
625 2624 683 2674 sine
694 2639 736 2674 me
748 2623 861 2675 irbitro.
910 2632 935 2674 ⁵5
