2170 3112
232 183 282 235 236
498 179 717 233 Paotroous.

232 308 286 362 Sed
298 307 386 360 amdri
397 307 531 360 accedunt
541 306 624 360 e'tiam
636 303 717 367 haee,
730 317 801 373 quae
812 301 983 357 dirimimur

176 393 202 436 25
229 383 378 448 insimulo,
391 398 530 447 aerumna,
542 381 630 446 e'rror,
640 387 740 444 terror,
752 376 780 430 it
789 377 864 448 iuga,

231 458 337 527 indptia
347 458 519 526 stultitiaque
530 457 610 522 adeo,
622 463 649 509 et
658 455 808 521 temeritas,

232 534 423 603 incdgitantia,
434 533 532 586 excors
543 529 729 597 immodestia,

231 608 393 678 petuldntia,
406 607 552 677 cupiditas,
562 607 771 670 oralevoldutia;

230 683 357 738 inhao'ret
368 682 479 754 [etiam]
492 683 620 748 aviditde,
632 683 749 749 desidia,
761 674 872 748 initiria,

179 770 204 811 ‘lo
233 758 337 828 indpia,
350 758 517 812 contumilia
527 765 555 812 et
565 756 747 826 diapdndium,

233 835 448 903 multiloquium,
460 833 676 903 pauciloquium.
709 833 773 886 Hoc
782 831 846 885 ided
857 833 897 899 tit,
909 835 984 903 quia,
1068 867 1069 870 =

235 927 305 978 quae
315 909 385 962 nihil
396 911 535 978 attingunt
545 908 581 961 ad
591 926 658 974 rem,
669 925 720 962 nec
729 915 794 960 eunt
803 902 876 975 deiri,
888 908 959 964 haee

235 985 344 1038 emitor
353 985 459 1054 profert
469 982 552 1053 aadpe
563 984 682 1038 advorso
694 983 831 1052 timpore3

234 1060 297 1127 hoe,
308 1056 526 1131 pauciloquium,
537 1053 645 1114 mireum
656 1061 762 1112 idcireo
774 1059 915 1129 prae'dieo,

181 1145 207 1189 aa
236 1137 303 1208 quia
312 1130 405 1189 urillua
414 1151 536 1206 unquam
548 1135 657 1188 ametor
667 1136 736 1188 adeo
748 1143 790 1188 eat
801 1133 901 1189 eillide

235 1205 385 1278 ineundus,
401 1227 472 1282 quae
482 1212 579 1266 iurem
591 1209 646 1264 sint
655 1228 733 1264 arram
739 1250 748 1276 ,
758 1217 790 1264 ut
800 1211 890 1278 possit
898 1212 988 1281 loqui.
1069 1269 1070 1286 ἢ

236 1287 318 1341 Nunc
327 1287 377 1340 vde
385 1287 425 1339 mi
433 1287 520 1340 irasci
529 1288 565 1340 ob
576 1281 782 1354 multiloquium
792 1285 847 1338 nin
858 1287 951 1342 decet:
1069 1293 1070 1296 ’

238 1362 345 1428 eodem,
356 1378 412 1434 quo
423 1378 554 1428 amorem,
565 1359 660 1416 Vdnue
670 1363 709 1414 mi
719 1360 773 1414 hoe
782 1363 885 1431 legavit
896 1365 951 1416 die.

237 1433 308 1492 llldc
317 1439 421 1492 revorti
432 1437 545 1504 etrum,
554 1446 587 1492 ut
597 1444 698 1492 conata
707 1435 840 1505 dloquar:

184 1520 210 1570 it
238 1513 390 1583 Principio,
400 1520 432 1566 ut
442 1529 475 1568 ex
484 1511 597 1581 ephebia
609 1519 698 1566 aetate
709 1511 775 1577 e'xii,

240 1596 323 1660 atque
333 1589 441 1642 tuimur
452 1589 545 1642 studio
557 1587 666 1642 antdtue
676 1587 777 1656 puerili
787 1587 829 1642 e'at
838 1605 929 1642 meua:

240 1664 332 1718 amira
340 1664 433 1718 valide
445 1664 525 1732 coepi
534 1663 581 1717 lnie
591 1665 771 1718 meretricem.
810 1648 890 1718 illico

239 1757 285 1794 ree
294 1739 435 1794 exulatum
445 1739 483 1792 ad
492 1739 568 1792 illam
579 1741 675 1792 abibat
685 1739 755 1792 olim
766 1741 865 1810 patrie:

239 1817 302 1870 leno
313 1815 495 1886 importunus,
507 1813 634 1868 ddminua
645 1815 704 1868 eiua
714 1809 847 1880 milleris,

184 1897 210 1946 4⁵
238 1885 385 1946 marituma
395 1891 525 1962 quidque,
536 1898 568 1944 ut
577 1889 694 1958 pdterat,
705 1889 833 1958 rapiebat
842 1891 965 1946 domum.

239 1966 323 2021 Pater
333 1966 481 2036 obiurgare
491 1964 561 2018 hado
570 1983 613 2019 me
622 1967 713 2019 noetis
724 1965 752 2019 e't
762 1966 834 2020 dieo:

239 2041 395 2112 perfidiam,
404 2041 571 2096 iniustitidm
581 2041 711 2096 lenonum
722 2041 895 2110 exprimere:

238 2117 358 2173 laoerdri
366 2118 458 2172 valide
468 2111 547 2170 edam
558 2133 624 2181 reru,
635 2118 712 2170 illiue
723 2115 862 2186 auge‘rier3

238 2192 561 2258 summohadcolemoro3
571 2191 854 2258 inte'rdumm'rraanne3
866 2193 988 2266 colloqui

185 2280 212 2323 to
240 2264 373 2334 abndere3
392 2269 517 2338 negitare
528 2268 597 2322 ideo
609 2285 652 2322 me
662 2261 757 2322 netum
767 2285 862 2334 auom3

240 2343 436 2398 conolimitara
445 2343 507 2398 tdta
515 2346 584 2398 urbe
594 2351 622 2398 et
631 2343 800 2414 praedicere,

240 2419 334 2474 omnia
344 2426 476 2487 tenerent,
486 2414 646 2475 mdtuitanti
656 2419 780 2476 crederer

239 2496 359 2549 nmdrem
370 2496 472 2548 multos
482 2494 571 2550 inlexe
580 2497 610 2548 in
621 2495 807 2564 dispendium:

238 2568 472 2639 intemperantem,
484 2570 538 2624 ndn
549 2572 712 2635 modestum,
724 2567 865 2638 iuidrium,

184 2656 210 2699 55
239 2644 357 2711 trahere,
368 2643 515 2700 exhaurire
525 2646 577 2711 md,
590 2648 664 2714 quod
675 2649 790 2717 quirem,
801 2651 837 2700 ab
848 2647 878 2701 ed
889 2648 988 2714 domm

239 2719 374 2773 rationem
385 2737 540 2789 pessumam
552 2721 620 2786 iane,
633 2739 675 2788 ea,
687 2738 758 2790 quae
768 2725 845 2792 ipeur
855 2723 972 2793 optuma
