2160 3112
166 221 198 263 lv
446 215 668 258 rssnnrnrio.

166 353 289 423 quotuor
308 341 452 399 volumino
470 341 547 397 facta
565 350 639 398 sunt.
672 341 753 408 Quod
771 350 866 399 antem
879 363 955 400 suns-
1064 397 1070 413 ,

164 445 242 484 ιιιιιιιι
256 433 454 496 cst‚ocoentus
466 423 622 500 rhythmici
636 425 750 502 ubique,
769 429 813 482 uti
827 429 884 482 iam
897 429 956 501 pri·
1065 427 1071 489 J

167 511 232 568 dem
244 511 275 566 in
294 506 432 566 Terentio
445 505 612 564 Bentleinno
627 508 746 579 scotum,
760 508 865 565 adiecti
879 521 956 581 sunt,

167 596 271 672 qnippe
302 610 357 668 qno
391 592 451 648 solo
481 590 645 647 adiumento
676 591 753 648 effici
786 601 896 667 potest,
923 602 957 649 ut
1068 593 1071 662 ζ

167 679 275 734 rectius
293 673 427 744 Plautus,
449 691 507 730 non
524 683 668 751 tamquam
684 677 832 750 prosaicus
851 677 955 752 aliquis
1070 677 1071 682 ’

168 763 307 836 scriptor,
331 756 381 816 sed
400 767 543 835 tamqnam
566 777 652 815 verus
674 767 774 834 poeto,
796 757 956 836 rhythmice
1031 824 1033 829 ,
1068 837 1071 854 ‚

168 847 288 922 legatur.

230 945 310 1011 Quos
328 961 375 1002 res
392 951 487 1000 tomen
501 943 635 1018 quoniam
647 940 718 999 nihii
734 961 767 998 eo
779 943 872 1020 magis
884 943 956 999 hene
1070 923 1071 950 ³

168 1027 324 1106 procedere
341 1035 451 1102 potest,
472 1027 531 1080 nisi
549 1026 705 1100 peculiaris
724 1025 862 1102 quaedem
873 1045 957 1101 proe-
1070 1077 1071 1086 ,

169 1121 251 1188 cepto
269 1118 403 1168 occuroto
421 1117 588 1178 teneantur,
615 1126 687 1184 quoe
706 1117 791 1166 anteo
813 1127 851 1165 ex
866 1113 956 1168 totius
1070 1111 1071 1118 ’

168 1204 269 1272 poetae
284 1193 448 1272 cognitione
462 1201 491 1250 et
505 1193 743 1266 contemplatione
753 1191 956 1250 fueruntoolli-

168 1279 272 1356 gendo,
284 1276 333 1336 hio
347 1294 458 1354 qnoque
471 1293 515 1345 oo,
528 1293 613 1352 quom
626 1273 751 1332 breviter
764 1277 828 1333 fieri
840 1279 957 1352 poterit,
1070 1325 1071 1348 ,

168 1362 342 1430 reseremus,
364 1377 400 1416 no
418 1358 512 1416 desint
528 1359 646 1416 lecturis
665 1377 699 1416 eo
715 1361 872 1435 principio,
894 1361 957 1418 sine
1070 1355 1071 1444 J

169 1445 270 1524 quibus
289 1443 445 1519 perfectior
463 1440 597 1498 Plautina
615 1443 727 1500 sconsio
751 1441 865 1502 institui
878 1445 957 1500 nulio

167 1529 282 1606 poterit.
307 1525 352 1584 Es
366 1535 432 1584 sunt
444 1523 527 1584 hoec:
651 1586 652 1590 ,

231 1625 252 1686 i.
265 1625 370 1684 Hiatus
380 1626 485 1702 ubique
494 1625 660 1683 statuendus
670 1634 723 1698 est,
733 1625 792 1698 nbi,
807 1645 841 1683 eo
851 1625 956 1685 simis-

169 1733 212 1784 so,
227 1721 256 1768 et
269 1713 393 1768 lectione
407 1708 538 1766 codicum
550 1718 674 1780 serrato,
691 1728 793 1768 versus
806 1711 956 1769 constabit.

231 1801 266 1860 11.
287 1801 315 1858 Is
333 1810 428 1858 sutem
441 1799 537 1858 histos
549 1803 579 1858 in
591 1802 734 1878 plerisque
749 1804 836 1874 locis,
853 1813 884 1860 et
895 1805 956 1862 for·
1069 1859 1070 1862 ,

167 1887 372 1962 mercuriique,
386 1885 517 1962 expletur
528 1885 613 1942 litem
627 1885 648 1942 d
662 1888 836 1962 porogogica
849 1887 956 1962 addite,

169 1991 241 2050 quae
254 1967 370 2028 ermon
383 1969 482 2044 paucis
495 1969 568 2024 iocis
579 1969 610 2026 in
624 1967 706 2026 libris
720 1969 831 2026 adiecto
847 1974 957 2046 repori-

168 2067 224 2112 tur.
249 2051 358 2110 Eodem
371 2052 456 2110 litero
468 2053 488 2109 d
499 2051 660 2110 adiicienda
672 2061 727 2122 est,
740 2053 912 2132 ubicumque
925 2057 956 2112 in

169 2157 196 2194 m
220 2135 379 2195 desinentia
396 2153 454 2192 non
472 2136 621 2192 elisionem
638 2137 787 2211 potiuntur
805 2148 834 2194 et
848 2139 955 2214 produ-

169 2231 283 2279 cuntur.
303 2219 355 2276 Sic
367 2217 467 2294 Amph.
482 2221 553 2294 prol.
563 2217 611 2276 54.
623 2220 678 2296 ing.
686 2220 828 2291 facicmd
841 2241 877 2279 eo·
892 2231 955 2279 tra-

168 2305 285 2384 goedia,
299 2313 329 2359 nt
342 2301 412 2359 ibid.
425 2320 467 2360 rs.
481 2304 531 2358 ult.
542 2302 675 2373 focered
686 2301 754 2360 hist.
782 2302 833 2361 Sic
845 2304 909 2362 Aul.
924 2306 955 2377 3,

169 2391 200 2459 3,
212 2389 238 2444 l.
247 2387 377 2466 quoqood
387 2403 438 2461 pro
453 2394 608 2463 proprement
616 2383 782 2458 Stichum,
791 2388 839 2444 26.
850 2390 957 2465 quand

170 2470 356 2546 efflictorsiur.
384 2466 447 2526 Cos.
462 2469 493 2540 3,
509 2471 537 2540 Ι,
551 2471 576 2526 l.
590 2470 704 2527 omicid·
719 2467 822 2527 Bocch.
839 2473 867 2542 Ι,
883 2474 911 2538 1,
928 2474 954 2528 l.

173 2549 375 2625 Quidsidhoo
384 2554 464 2631 potis
479 2551 541 2610 esti
560 2561 642 2610 etro.
660 2553 705 2608 12.
734 2550 809 2612 Nom
821 2553 895 2612 hoec
907 2557 956 2615 nid
1068 2561 1069 2570 ’

8 2619 9 2664 3
102 2677 108 2688 ·
172 2637 278 2696 habeat
292 2644 345 2693 eto.
360 2645 445 2714 atquo
459 2638 502 2694 sio
514 2637 670 2694 innumeris
683 2637 762 2694 iocis.

231 2717 281 2780 lii.
295 2739 322 2778 sn
336 2721 367 2778 in
381 2720 437 2780 fine
450 2739 544 2798 scope,
553 2731 586 2780 nt
599 2719 681 2780 mono
691 2720 893 2796 diximus,non
902 2723 954 2782 eii·
